1763 2838
191 182 366 214 CONTRA
403 181 696 212 GAUDENTIUM
734 182 897 213 DONAT.
943 183 1107 224 EPISC.,
1148 184 1233 214 Ltss.
1279 186 1307 214 1.
1383 168 1468 215 231

97 271 117 291 >›
134 259 182 295 ut
198 248 384 295 libenter
401 265 481 312 pro
495 248 640 294 Deoin
658 247 738 293 ista
755 248 1056 312 persecutione
1076 248 1254 294 moriam
1264 247 1354 295 ur.1
1372 269 1391 290 »
1415 247 1481 294 Ad

97 320 196 366 haec
211 338 322 383 resp.
358 319 586 380 Agnoscite
603 318 740 364 scelus
763 330 954 365 vestrum
971 356 981 374 ‚
1002 330 1043 376 et
1064 319 1196 364 nolite
1213 319 1338 364 vobis
1358 335 1479 364 usur-

97 407 199 453 pare
234 407 391 435 nornen
420 389 622 436 alienum.
662 389 888 453 Scriptura
918 389 1027 435 dixit
1057 407 1067 434 ε
1097 410 1117 430 α
1139 390 1266 435 Tunc
1299 389 1478 436 stabunt

96 482 117 502 )>
137 461 242 520 justi
267 461 312 506 in
336 478 490 521 magna
518 461 760 506 constantia
781 460 983 506 adversus
1011 461 1172 525 eosqui
1193 478 1235 506 se
1254 462 1480 521 angustia-

98 554 119 574 »
143 543 320 589 verunt,
344 543 386 578 et
409 532 484 595 qui
504 531 780 578 abstulerunt
797 532 964 578 labores
985 548 1150 578 eorum.
1177 556 1195 573 n
1222 532 1318 577 Non
1340 530 1476 577 dixit:

99 603 289 648 Stabunt
324 619 472 648 omnes
497 603 574 666 qui
612 602 725 648 mala
761 602 875 667 passi
909 612 1009 648 sunt
1043 620 1053 647 ς
1088 601 1161 647 sed
1195 619 1204 646 :
1238 624 1256 644 «
1287 603 1480 648 Stabunt

107 694 128 714 »
148 674 267 732 justi.
302 695 322 714 »
351 673 474 718 Sicut
510 685 550 718 et
579 675 790 719 Dominus
828 690 929 719 eum
958 673 1128 719 dixisset
1157 691 1166 720 :
1198 695 1217 715 «
1249 674 1371 719 Beati
1407 674 1484 739 qui

97 765 118 785 »
141 745 484 807 persecutionem
504 745 786 807 patiuntur23
817 766 836 786 »
858 744 938 790 nisi
962 744 1195 790 addidisset
1220 762 1230 790 :
1255 746 1480 808 «Propter

97 815 350 873 »justitiam
371 853 381 870 ‚
408 838 426 856 »
451 833 537 860 non
565 816 675 861 solos
701 815 960 875 significaret
987 816 1063 881 qui
1099 833 1179 879 pro
1205 833 1278 862 sua
1312 816 1357 861 in
1382 818 1478 863 Do·-

98 886 219 930 mino
247 887 457 949 patientia
486 897 769 942 coronantur,
796 887 868 933 sed
896 886 1025 932 etiam
1049 886 1145 932 illos
1169 887 1244 951 qui
1266 886 1392 948 justis
1415 887 1482 933 le-

97 956 171 1015 gib
186 974 232 1002 us
264 958 523 1020 puniuntur.
554 961 837 1022 Quapropter
860 959 892 1004 si
917 958 970 1004 ad
994 975 1068 1004 vos
1083 959 1247 1023 putatis
1270 959 1368 1005 haec
1385 962 1484 1019 jus-

101 1039 242 1073 torum
262 1029 395 1074 verba
428 1046 528 1091 quae
554 1030 715 1092 scripta
741 1041 840 1075 sunt
867 1030 1104 1094 pertinere,
1141 1031 1263 1094 prius
1299 1049 1352 1076 an
1374 1030 1480 1091 justi

97 1099 185 1144 sitis
207 1100 433 1145 ostendite.
472 1101 652 1145 Habetis
675 1101 787 1145 enim
813 1119 875 1146 res
898 1119 1096 1162 magnas,
1119 1119 1226 1165 quas
1247 1102 1360 1147 inter
1383 1118 1480 1147 ves-

100 1179 182 1214 tras
198 1171 386 1230 justitias
406 1171 664 1223 ventiletis⁵³‚
689 1172 943 1218 divisionem
972 1173 1159 1230 Christi,
1184 1173 1479 1218 rescissionem

97 1252 464 1286 sacramentorum
495 1241 660 1286 Christi
677 1279 686 1290 ,
716 1241 999 1288 desertionem
1021 1244 1139 1306 pacis
1164 1242 1355 1297 Christi,
1378 1241 1478 1287 hel-

96 1310 186 1356 lum
214 1322 365 1356 contra
391 1312 588 1357 membra
611 1312 799 1369 Christi,
823 1314 1144 1359 criminationes
1176 1314 1220 1359 in
1250 1317 1479 1374 conjugem

97 1380 289 1433 Christi,
312 1382 581 1441 negationem
602 1384 914 1446 promissorum
946 1385 1124 1431 Christi.
1156 1385 1237 1430 Ilae
1256 1395 1355 1429 sunt
1377 1387 1477 1444 jus-

94 1451 203 1497 titiae
236 1463 412 1506 vestite,
450 1464 632 1519 propter
665 1471 772 1517 quas
808 1454 1010 1500 videlicet
1041 1455 1212 1500 stabitis
1242 1455 1285 1500 in
1322 1471 1478 1515 magna

96 1524 337 1568 constantia
366 1523 569 1569 adversus
589 1529 748 1588 eosqui
770 1542 844 1571 vos
860 1527 1212 1585 angustiaverunt
1227 1564 1237 1581 ‚
1265 1536 1307 1571 et
1330 1525 1477 1572 abstu-

94 1592 236 1638 lerunt
260 1593 429 1639 labores
455 1605 629 1640 vestros.
661 1596 758 1640 Jam
785 1613 885 1641 vero
911 1614 1009 1642 eum
1037 1598 1148 1642 inter
1168 1597 1357 1658 justitias
1377 1613 1472 1644 ves«

96 1671 181 1708 tras
197 1667 360 1724 jactare
381 1665 603 1727 coeperitis
617 1703 627 1721 ‚
650 1666 769 1730 quod
790 1684 863 1712 vos
889 1668 1004 1731 ipsos
1024 1669 1211 1722 necatis;
1232 1668 1330 1732 quis
1353 1668 1479 1714 vobis

90 1738 231 1794 jtlstus
257 1736 535 1798 aequabitur?
555 1738 682 1783 Tunc
706 1737 819 1783 enim
840 1739 1020 1785 maxime
1044 1741 1312 1804 apparebitis
1329 1739 1478 1786 vindi-

96 1805 240 1852 candi.
271 1806 354 1851 Sed
380 1806 522 1853 videte
552 1807 605 1853 de
628 1808 821 1872 quibus:
850 1809 903 1854 de
930 1809 999 1855 his
1030 1811 1180 1874 utique
1203 1811 1278 1875 qui
1304 1828 1379 1856 vos
1397 1826 1476 1856 oc-

95 1877 309 1925 ciderunt.
347 1880 460 1938 Ergo
499 1890 547 1924 ut
586 1880 863 1926 vindicemini
887 1918 896 1935 ‚
927 1883 1193 1945 puniemini,
1231 1893 1272 1928 et
1309 1882 1478 1928 stabitis

97 1947 297 1994 adversus
313 1950 514 2012 vosipsos
529 1954 548 1995 ἶ)
566 1951 747 1996 Maxime
771 1951 961 2007 stabitis,
981 1953 1075 2015 qui,
1100 1953 1279 1998 caminis
1299 1952 1473 2008 clausis,

95 2020 225 2066 vosin
241 2020 436 2066 crudeles
458 2022 675 2080 angustias
696 2022 943 2078 coarctatis,
959 2034 1005 2068 ut
1023 2034 1063 2069 et
1081 2024 1156 2088 qui
1173 2023 1358 2070 voluerit
1376 2024 1477 2069 sub-

95 2092 262 2147 venire,
290 2109 380 2137 non
402 2092 538 2155 possit
563 2095 749 2149 intrare,
782 2104 822 2138 et
843 2094 916 2156 qui
942 2094 1130 2140 voluerit
1157 2094 1362 2151 evadere,
1389 2111 1480 2141 non

95 2163 232 2226 possit
249 2162 372 2209 exire.
400 2162 549 2218 Absit,
571 2163 685 2208 absit
707 2174 755 2209 ut
775 2174 886 2209 stent
910 2181 1010 2210 cum
1037 2182 1190 2226 magna
1214 2166 1475 2225 constantia,

98 2250 199 2279 cum
228 2233 409 2278 stabunt
442 2250 542 2279 cum
574 2244 661 2279 tam
689 2234 803 2280 mala
823 2236 1108 2283 conscicntia.
1131 2237 1221 2283 Nisi
1240 2236 1493 2299 sortCJarbi-

97 2304 271 2350 tramini
284 2315 516 2368 propterea
529 2305 654 2351 vobis
673 2307 809 2352 Deum
828 2318 932 2352 tunc
951 2324 1074 2370 posse
1091 2325 1269 2372 parcere
1291 2326 1371 2373 pro
1391 2327 1481 2355 sce—

96 2376 261 2422 leribus
288 2376 463 2432 vestris,
487 2376 590 2440 quia
614 2377 697 2440 ipsi
719 2378 843 2423 vobis
867 2378 997 2424 modo
1018 2396 1103 2425 non
1130 2381 1325 2443 parcitis.
1357 2381 1483 2427 Unde

97 2447 227 2493 etiam
246 2446 450 2510 quaedam
476 2448 824 2494 sanctimoniales
845 2460 996 2495 vestrae
1013 2451 1204 2511 gravidae
1230 2470 1308 2517 per
1326 2470 1423 2499 saxa
1440 2469 1482 2499 se

151 2532 161 2555 ¹
180 2533 250 2576 Sap.
271 2542 300 2569 v,
322 2543 418 2569 1-12,
438 2550 482 2557 —
499 2531 514 2557 2
532 2530 648 2567 Mauh.
663 2545 691 2575 v,
715 2545 820 2566 10.—-
836 2533 850 2558 3
864 2538 956 2568 Forte
973 2536 1152 2570 vendut—tis.
