1763 2838
335 211 392 242 AD
430 210 700 241 DONATISTAS
739 210 846 240 POST
883 209 1213 243 COLLATIONEM.
1401 214 1479 246 lOl

95 295 196 325 cum
216 276 360 329 sedere
385 276 648 332 noluerunt,
696 275 888 321 dicentes
920 277 1132 340 scriptum
1169 278 1252 324 sibi
1291 296 1376 325 esse
1400 317 1411 338 ,
1434 298 1488 326 ne

95 367 196 396 cum
232 349 394 394 talibus
429 347 633 403 sedeant,
671 346 781 393 illud
817 347 968 410 utique
1000 365 1087 393 non
1112 348 1386 412 spiritaliter,
1411 351 1487 397 sed

94 420 324 468 carnaliter
344 419 630 478 intelligentes
655 418 774 482 quod
794 418 838 464 in
859 418 1031 463 Psalmo
1057 420 1246 482 positum
1263 432 1324 467 est
1350 439 1360 466 ς
1389 444 1410 463 «
1427 423 1487 469 Et

93 512 114 534 ))
131 508 233 537 cum
256 490 401 554 impiis
436 507 523 535 non
561 489 720 535 sedebo
742 489 759 518 '1
781 508 790 534 :
812 511 831 531 ))
852 500 893 534 et
919 499 1059 535 tamen
1084 490 1278 536 fecerunt
1301 492 1421 555 quod
1440 493 1487 538 in

92 562 243 608 eodem
267 563 362 625 ipso
382 561 480 607 loco
499 560 658 606 Psalmi
681 561 844 624 pariter
860 560 1140 623 prohibetur.
1164 563 1272 608 Nam
1293 563 1356 608 ibi
1375 563 1486 609 dicit

93 632 318 696 Propheta
339 651 349 678 ε
373 654 393 674 α
420 634 476 678 Et
495 649 595 677 cum
617 631 766 696 iniqua
789 631 1038 691 gerentibus
1065 648 1154 676 non
1188 633 1380 679 introibo
1401 635 1435 681 ⁶².
1463 655 1485 676 »

93 703 140 749 Si
166 719 270 763 ergo
297 703 401 768 quia
419 720 496 748 nos
516 703 689 767 iniquos
711 702 780 748 vel
802 712 1011 749 noverant
1032 701 1101 748 vel
1122 704 1359 766 putabant,
1386 705 1485 751 ideo

90 774 326 821 nobiscum
356 774 501 820 sedere
520 774 756 819 noluerunt
775 811 786 830 ‚
808 791 958 838 quare,
980 774 1097 838 quod
1121 774 1315 820 similiter
1332 776 1486 839 prohi-

88 844 222 890 betur
246 844 479 890 nobiscum
517 844 809 901 introierunt,
851 856 1045 908 exparte
1081 847 1217 892 sancti
1241 883 1252 903 ,
1289 864 1336 892 ex
1359 857 1484 910 parte

89 914 285 978 polluti:
330 916 412 962 nisi
446 916 548 980 quia
588 916 836 979 Scripturas
872 928 1042 962 sanetas
1075 935 1162 963 non
1202 917 1484 978 intelligendo

89 997 131 1032 et
150 986 383 1033 carnaliter
407 987 615 1051 sapiendo
641 989 781 1052 ipsam
810 989 1021 1035 unitatem
1044 989 1397 1052 dissipaverunt)

154 1058 280 1105 VIII.
313 1059 413 1104 Non
433 1059 580 1123 itaque
601 1059 810 1122 polluunt
831 1059 933 1104 mali
957 1060 1095 1105 bonos
1115 1061 1157 1104 in
1182 1060 1332 1105 eodem
1358 1078 1478 1120 agro,

88 1129 135 1175 in
156 1128 305 1174 eadem
331 1146 450 1185 area,
473 1129 519 1174 in
543 1129 703 1175 eisdem
729 1130 921 1194 pascuis,
950 1130 994 1175 in
1018 1130 1176 1176 eisdem
1196 1132 1360 1176 retibus
1381 1149 1482 1177 eon-

87 1200 230 1246 stituti
249 1220 260 1253 ς
287 1199 389 1262 quia
414 1217 502 1245 non
523 1200 581 1245 eis
601 1202 931 1246 communicant
950 1201 1055 1246 boni
1076 1239 1086 1257 ‚
1115 1201 1186 1247 sed
1208 1202 1333 1247 altari
1358 1214 1399 1248 et
1418 1220 1482 1248 sa-

86 1269 316 1317 cramentis
328 1269 422 1317 Dei.
435 1270 777 1317 Communieant
796 1282 938 1317 autem
955 1272 1093 1329 malis,
1109 1273 1184 1336 qui
1202 1274 1479 1320 consentiunt

87 1340 213 1388 factis
236 1340 467 1389 malorum.
498 1340 724 1404 Scriptum
750 1353 811 1387 est
842 1344 986 1387 enim:
1013 1345 1108 1389 Non
1144 1344 1283 1389 solum
1311 1345 1387 1408 qui
1409 1344 1479 1390 fa-

86 1412 209 1458 ciunt
232 1430 297 1469 ea,
322 1429 474 1458 verum
492 1412 621 1458 etiam
637 1414 714 1477 qui
733 1414 1013 1460 consentiunt
1030 1414 1334 1462 facientibus3.
1362 1418 1477 1464 Cum

85 1500 186 1532 vero
209 1483 313 1529 mali
337 1485 457 1547 pacis
484 1484 794 1530 conservamlae
813 1486 1064 1531 necessitate
1090 1487 1330 1532 tolerantur
1349 1525 1359 1543 ‚
1388 1505 1476 1534 non

85 1554 325 1618 iniquitatis
352 1555 734 1600 communicanda]
764 1556 966 1601 societate
994 1567 1284 1619 appetuntur,
1309 1568 1475 1604 utcum

86 1626 259 1674 zizaniis
296 1626 491 1672 triticum
524 1644 701 1673 suavem
735 1627 931 1690 pluviam
958 1629 1121 1691 pariter
1151 1629 1279 1674 bibat
1298 1667 1308 1685 ‚
1337 1641 1476 1677 servet

86 1708 231 1744 tamen
257 1697 500 1743 ubertatem
527 1714 647 1743 suam
664 1735 674 1753 ‚
715 1715 794 1744 nec
826 1709 1108 1744 convertatur
1138 1699 1182 1744 in
1206 1700 1473 1747 zizaniorum

86 1768 379 1825 sterilitatem,
406 1768 479 1814 sed
507 1779 740 1833 utrumque
762 1769 892 1815 simul
914 1787 1048 1833 usque
1074 1770 1126 1815 ad
1154 1787 1330 1816 messem
1355 1789 1474 1818 eres-

86 1850 157 1887 cat
174 1877 185 1896 ,
210 1857 263 1885 ne
285 1838 394 1886 forte
420 1856 522 1885 cum
548 1839 813 1901 colliguntur
829 1840 991 1886 zizania
1020 1840 1056 1897 4,
1085 1841 1329 1887 eradicetur
1346 1842 1475 1890 simul

85 1923 127 1959 et
149 1911 365 1968 triticum,
392 1910 557 1957 nullam
576 1929 677 1958 eum
705 1913 831 1958 honis
854 1912 1138 1958 habentmali
1162 1913 1473 1976 participatio-

84 2001 181 2029 nem
204 1982 352 2028 salutis
374 1982 442 2028 vel
467 1983 736 2046 perditionis.
765 2006 785 2025 «
810 1983 923 2040 Quae
944 1984 1058 2030 enim
1083 1985 1367 2048 participatio
1384 1988 1474 2044 jus-

85 2075 106 2097 »
130 2054 237 2100 titiae
272 2071 371 2100 cum
405 2053 705 2118 iniquitate52³
732 2076 752 2096 »
791 2055 968 2100 Nullam
1002 2071 1103 2100 cum
1145 2055 1272 2100 bonis
1302 2056 1470 2102 habent

84 2124 190 2170 mali
217 2125 465 2170 societatem
488 2125 636 2185 regni,
664 2136 738 2171 aut
762 2124 871 2184 ignis
896 2125 1061 2171 aeterni.
1114 2126 1227 2181 Quae
1251 2125 1366 2170 enim
1397 2142 1470 2171 so-

86 2195 216 2241 cietas
235 2194 325 2240 luci
351 2194 405 2241 ad
429 2195 658 2241 tenebras?
680 2196 777 2241 Non
793 2195 959 2241 habent
978 2195 1079 2241 mali
1101 2213 1203 2241 eum
1223 2196 1350 2242 bonis
1367 2213 1470 2242 eon-

85 2265 327 2311 sonantiam
369 2265 473 2310 vitae
508 2282 556 2311 ae
587 2265 839 2313 voluntatis.
885 2266 998 2323 Quae
1035 2267 1150 2311 enim
1186 2267 1469 2314 consonantia

87 2335 253 2382 Christi
280 2334 335 2380 ad
358 2335 527 2382 Belial?
551 2337 649 2382 Non
674 2336 840 2383 hahent
863 2337 1090 2384 bonicum
1114 2337 1237 2383 malis
1264 2348 1433 2401 partem
1453 2376 1463 2394 ‚

85 2424 165 2454 nec
188 2407 234 2453 in
257 2423 392 2471 poena
412 2407 606 2455 criminis
631 2426 710 2455 nec
737 2408 781 2455 in
802 2409 991 2473 praemio·
1007 2409 1194 2473 pietatis.
1222 2409 1334 2467 Quae
1351 2410 1466 2456 enim

133 2508 145 2531 ¹
165 2507 248 2542 Psal.
268 2518 341 2547 xxv,
359 2509 391 2543 5.
412 2526 455 2534 —-·
471 2507 486 2531 2
510 2507 594 2545 1bid.
624 2515 657 2547 4,
681 2528 724 2537 --
742 2506 755 2533 3
772 2512 864 2548 Rom.
888 2521 916 2556 1²
937 2511 990 2546 32.
1016 2527 1062 2536 -
1080 2507 1094 2560 ff
1113 2509 1232 2546 Matih.
1251 2520 1329 2556 xm,
1346 2521 1401 2553 ²9·
1419 2527 1464 2535 —

86 2561 100 2588 ⁵
121 2572 138 2594 2
158 2562 233 2595 Cor.
253 2572 300 2606 vt,
320 2568 373 2600 14.
