1763 2838
227 151 320 205 30²4
656 166 690 194 5.
736 164 980 195 ,1660511111
1016 167 1218 197 muscum

222 229 368 274 cordia
383 239 422 273 et
437 229 648 289 judicium
658 230 723 291 pia
744 241 992 276 sanctorum
1015 244 1153 278 mente
1182 243 1381 277 cantatur
1397 235 1414 277 ‚2
1432 232 1604 278 Idcirco

230 299 356 343 etiam
374 311 542 344 sanctos
561 299 747 344 etsideles
759 317 856 345 suos
871 301 913 344 in
929 301 1145 364 aliquibus
1158 303 1272 348 vitiis
1288 303 1449 348 tardius
1463 313 1602 359 sanat,

229 370 329 413 utin
350 370 416 413 liis
438 371 651 415 eosminus
674 387 805 432 quam
824 371 1058 433 implendae
1075 389 1121 417 ex
1147 374 1266 417 omni
1287 385 1407 435 parte
1422 373 1605 432 Justitiae

225 440 380 484 sufficit
395 477 404 494 ,
433 440 616 486 delectet
654 441 844 497 honum,
875 443 962 487 sive
982 460 1086 488 cum
1105 444 1225 497 latet,
1249 444 1336 488 sive
1355 461 1454 489 cum
1476 444 1604 489 etiam

226 510 498 555 manilestum
513 521 574 555 est
597 529 607 555 t
629 521 674 556 ut
697 523 908 574 quantum
931 513 1116 574 pertinet
1139 513 1191 558 ad
1211 513 1527 572 integerrimam
1542 530 1605 558 re-

225 579 368 637 gulam
385 580 570 625 veritatis
586 585 694 640 ejus,
718 598 804 626 nou
817 582 1081 640 justificetur
1099 583 1143 628 in
1155 594 1392 645 conspectu
1405 587 1495 642 ejus
1516 600 1606 628 om-

227 650 290 693 nis
302 649 460 695 vivens.
490 653 579 696 Nec
599 652 701 697 ineo
734 652 825 714 ipso
841 652 934 698 vult
959 670 1034 698 nos
1067 653 1338 698 damnabiles
1367 670 1451 698 esse
1470 653 1506 708 1,
1533 652 1606 698 sed

230 718 432 776 humiles,
460 721 768 766 commendans
796 722 920 766 nobis
954 722 1146 768 eamdem
1168 723 1346 782 gratiam
1369 740 1489 768 suam
1517 740 1527 767 :
1553 740 1606 768 ne

226 787 475 834 facilitatem
514 792 786 836 inmunibus
820 794 1016 846 assecuti,
1063 804 1255 838 nostrum
1281 804 1482 855 putemus
1520 810 1606 838 esse

222 857 342 920 quod
371 862 460 917 ejus
477 870 538 904 est
565 878 574 904 ε
604 861 679 923 qui
707 878 824 905 error
852 862 1037 907 multum
1065 873 1126 907 est
1146 862 1343 921 religioni
1368 862 1606 924 pietatique

227 929 480 975 contrarius
512 931 601 974 Nec
625 930 721 974 ideo
747 932 945 976 tamenin
969 931 1125 976 eisdem
1148 932 1260 977 vitiis
1282 931 1408 976 nobis
1436 948 1605 993 permaa

230 997 419 1042 nendum
453 1016 537 1044 esse
570 1000 879 1057 existimemus,
915 1001 986 1046 sed
1021 1002 1221 1047 adversus
1247 1002 1387 1063 ipsam
1425 1001 1606 1045 maxime

230 1068 496 1129 superbiam,
518 1080 698 1132 propter
725 1087 857 1134 quam
881 1071 926 1115 in
949 1071 1006 1116 eis
1043 1071 1346 1126 humiliamur,
1373 1080 1414 1115 et
1436 1086 1512 1115 nos
1536 1069 1607 1116 vi-

230 1136 410 1194 gilanter
436 1155 660 1193 conemur,
689 1141 886 1202 etipsum
912 1140 1194 1204 deprecemur
1231 1140 1447 1195 ardenter,
1477 1139 1604 1184 simul

229 1206 508 1266 intelligentes
535 1220 575 1253 et
595 1209 713 1272 quod
737 1211 796 1255 sic
835 1227 1067 1265 conamur,
1095 1222 1136 1255 et
1160 1210 1279 1273 quod
1305 1211 1364 1254 sic
1393 1209 1606 1271 depreca-

229 1293 347 1330 mur,
376 1277 491 1323 dono
529 1279 643 1324 illius
668 1297 745 1324 nos
783 1280 945 1325 habere
977 1298 987 1324 z
1025 1290 1073 1326 ut
1115 1281 1160 1325 in
1184 1280 1387 1325 omnibus
1427 1296 1514 1323 non
1552 1277 1605 1323 ad

228 1363 303 1391 nos
339 1349 613 1411 respicientes
637 1385 648 1403 ,
690 1350 763 1396 sed
798 1368 968 1396 sursum
1010 1368 1085 1396 cor
1131 1351 1370 1405 habentes,
1417 1349 1605 1394 Domino

230 1417 320 1463 Deo
347 1431 491 1465 nostro
515 1421 671 1480 gratias
703 1439 900 1482 agamus,
930 1433 971 1467 et
1002 1438 1103 1467 cum
1142 1421 1402 1482 gloriamur,
1441 1419 1487 1464 in
1531 1419 1607 1465 illo

230 1487 477 1547 gloriemur.

293 1561 494 1608 XXXIV.
544 1563 761 1618 Quartum
787 1566 880 1622 jam
917 1561 1026 1608 illud
1068 1573 1224 1617 restat,
1270 1578 1357 1625 quo
1393 1558 1606 1622 explicato

230 1642 439 1692 quantum
465 1632 534 1692 adj
545 1643 644 1678 uvat
671 1634 903 1688 Dominus,
929 1650 1066 1678 sermo
1093 1649 1267 1696 quoque
1290 1633 1365 1677 iste
1386 1642 1473 1675 tam
1498 1646 1605 1692 pro-

229 1700 338 1745 lixus
374 1702 544 1747 tandem
568 1703 797 1747 terminum
816 1713 982 1758 sumat,
1012 1714 1158 1748 utrum
1183 1702 1260 1765 qui
1289 1700 1465 1746 omniuo
1489 1715 1607 1743 nun-

229 1786 359 1832 quam
386 1771 521 1816 ullum
557 1783 785 1834 peccatum
818 1773 1025 1817 habuerit
1046 1809 1057 1827 ,
1082 1773 1366 1818 habiturusve
1396 1770 1478 1823 sit,
1518 1785 1606 1813 non

229 1839 365 1885 solum
383 1842 615 1904 qnisquam
637 1852 836 1887 natorum
867 1842 1094 1887 hominum
1120 1843 1189 1897 sit,
1218 1841 1495 1888 verumetiam
1522 1856 1606 1901 po-

232 1912 360 1955 tuerit
381 1912 615 1974 aliquando
639 1929 743 1966 esse,
770 1912 835 1958 vel
853 1913 1002 1975 possit.
1028 1913 1158 1957 Hunc
1178 1927 1352 1975 prorsus
1372 1909 1453 1954 nisi
1468 1925 1604 1954 unum

231 1980 508 2027 mediatorem
534 1982 610 2027 Dei
627 1993 669 2027 et
692 1982 921 2028 hominum
940 1982 1161 2027 hominem
1186 1982 1410 2027 Christum
1436 1980 1601 2034 Jesurn,

234 2051 403 2096 nullum
417 2052 484 2098 vel
502 2069 610 2108 esse,
636 2052 701 2097 vel
718 2052 869 2107 fuisse,
895 2052 960 2097 vel
983 2052 1180 2097 futurum
1195 2069 1298 2106 esse,
1321 2049 1604 2096 certissimum

231 2131 305 2167 est.
337 2122 461 2167 Unde
482 2126 571 2181 jam
597 2122 733 2167 multa
774 2122 963 2168 diximus
984 2122 1037 2167 de
1056 2122 1274 2185 baptismo
1298 2118 1599 2184 parvulorum,

233 2191 307 2252 qui
327 2192 359 2236 si
382 2192 550 2237 nullum
568 2204 795 2254 peccatum
813 2193 995 2248 habent,
1024 2210 1108 2237 nou
1130 2192 1267 2237 solum
1289 2200 1389 2236 suut
1408 2189 1604 2234 homines

230 2260 567 2306 innumerabiles
588 2263 675 2306 sine
692 2273 869 2325 peccato
882 2282 892 2315 ;
907 2263 1184 2307 verumetiam
1198 2262 1385 2316 suerunt,
1399 2271 1439 2304 et
1457 2268 1594 2304 eruut.

225 2332 360 2375 Porro
380 2331 413 2375 si
432 2332 760 2377 veraciterillud
785 2333 996 2387 constitit,
1032 2333 1145 2378 unde
1174 2330 1363 2377 secundo
1396 2330 1491 2374 loeo
1513 2328 1599 2386 egi-

228 2418 347 2453 mus3
397 2402 608 2446 neminem
633 2420 717 2448 esse
744 2403 832 2448 sine
857 2414 1036 2466 peceato
1056 2440 1065 2454 ,
1108 2403 1304 2467 profecto
1330 2418 1410 2446 1166
1430 2397 1600 2463 parvuli

280 2484 385 2516 ¹P>al.
408 2496 512 2524 61111,
535 2495 563 2515 2.
