1763 2838
288 151 379 184 200
698 152 732 180 S.
778 150 1019 181 AL'GUSTINI
1056 151 1258 182 EPISCOPI

287 241 309 262 2>
328 217 404 282 qui
426 216 536 264 male
554 215 684 276 agit1.
712 237 732 258 ›>
753 216 900 262 Delete
919 216 999 262 ista
1015 253 1026 273 ‚
1050 217 1083 262 si
1103 218 1310 280 potestis3
1332 229 1406 264 aut
1429 220 1529 277 ista,
1551 221 1664 267 sicut

288 289 430 335 facitis
446 327 457 345 ,
480 289 513 334 si
531 305 618 333 non
637 288 814 350 potestis
839 287 978 332 delere
996 325 1006 344 ‚
1032 289 1306 336 contemnite.
1333 291 1498 336 Habete
1526 291 1666 337 dehis

288 360 491 406 omnihus
515 358 750 421 pessimum
769 358 999 403 arbitrium
1014 395 1024 414 ,
1054 376 1106 404 ne
1125 360 1316 422 perdatis
1332 360 1519 407 liberum
1542 363 1665 408 arbi-

287 432 435 477 trium.
470 431 558 475 Aut
586 439 727 485 certe,
769 429 870 492 quia
908 430 1019 474 sicut
1055 429 1253 476 homines
1288 431 1542 479 hominibus
1563 451 1667 479 eru-

289 500 462 548 bescitis
480 537 491 556 ‚
515 500 695 545 clamate
712 537 723 556 ,
747 499 781 544 si
805 498 972 544 audetis
997 517 1007 544 :
1033 500 1279 546 Puniantur
1296 501 1557 559 homicidia,
1578 520 1668 566 pu-

290 572 468 618 niantur
485 570 695 616 adulteria
717 607 727 626 ,
759 571 1001 633 puniantur
1032 580 1188 615 caetera
1213 571 1482 633 quantalibet
1505 572 1671 618 sceleris

290 643 380 689 sive
402 640 599 687 libidinis
614 641 807 687 facinora
825 658 897 686 seu
914 640 1100 699 flagitia3
1125 640 1213 686 sola
1232 642 1453 701 sacrilegia
1472 643 1672 688 volumus

293 732 317 760 a
341 712 612 773 regnantium
637 711 804 770 legibus
830 712 1062 774 impunita.
1108 712 1176 756 An
1218 728 1316 757 vero
1356 712 1474 758 aliud
1502 712 1669 768 dicitis,

295 800 397 829 cum
419 782 562 827 dicitis
590 800 601 826 :
631 803 650 823 «
674 783 831 841 Magna
856 781 937 826 Dei
961 781 1119 840 injuria
1141 818 1151 832 ,
1179 782 1212 826 si
1242 782 1296 827 ab
1320 781 1572 828 hominibus
1596 782 1675 828 de-

294 852 512 899 fendatur.
552 851 673 909 Quid
702 852 754 896 de
790 852 880 896 Deo
901 852 1085 896 aestimat
1103 889 1113 907 ,
1137 853 1213 915 qui
1235 869 1331 897 cum
1356 853 1556 899 violentia
1583 853 1678 899 vult

297 921 552 977 defendere,
590 922 670 967 nisi
700 921 802 984 quia
833 939 919 966 non
945 921 1057 966 valet
1087 938 1182 966 suas
1202 922 1292 984 ipse
1320 923 1498 984 injurias
1527 923 1677 969 vindi-

297 996 421 1040 care?
445 1015 464 1035 »
492 994 599 1038 Haec
623 992 837 1047 dicentes,
863 992 973 1055 quid
1003 992 1120 1037 aliud
1143 992 1317 1046 dicitis3
1346 994 1426 1038 nisi
1449 994 1568 1039 nulla
1592 994 1679 1039 ho-

297 1063 426 1110 minis
447 1073 633 1126 potestas
657 1062 931 1108 contradicat
957 1072 1086 1126 atque
1112 1062 1336 1126 obstrepat
1363 1074 1509 1109 nostro
1542 1063 1680 1109 libero

301 1135 506 1190 arbitrio,
536 1133 712 1197 quando
731 1134 934 1193 injuriam
956 1133 1140 1178 iacimus
1164 1135 1277 1180 Deo?
1303 1135 1341 1180 O
1363 1135 1512 1181 dolor!
1544 1139 1682 1180 Frau-

301 1205 402 1251 data
420 1216 519 1251 sunt
542 1205 615 1250 tali
638 1205 880 1264 magisterio
900 1215 1096 1266 tempora
1117 1205 1294 1266 antiqua
1311 1242 1321 1260 ‚
1345 1207 1551 1268 quoniam
1568 1223 1684 1251 non-

303 1277 410 1322 dum
445 1293 536 1322 eras
572 1285 698 1321 natus
719 1313 728 1330 ‚
766 1274 944 1338 quando
978 1286 1150 1320 sanctus
1189 1277 1357 1338 Moyses
1388 1277 1567 1335 injurias
1591 1293 1686 1321 suas

302 1346 516 1394 lenissime
548 1346 727 1410 pertulit
747 1383 757 1401 ‚
799 1346 876 1390 Dei
905 1362 1006 1391 vero
1044 1346 1304 1391 severissime
1334 1347 1586 1393 vindicavit.
1617 1349 1686 1392 'l'u

306 1430 449 1464 autem
470 1418 624 1463 doctor
649 1418 851 1463 haeretica
871 1418 1216 1480 praesumptione
1236 1417 1567 1464 invidiosissime
1592 1419 1685 1464 cla-

307 1507 400 1536 mas
424 1507 434 1534 :
458 1510 478 1530 α
501 1489 620 1534 Fecit
643 1489 756 1533 Deus
777 1488 998 1533 hominem
1016 1524 1027 1544 ,
1051 1498 1092 1532 et
1111 1487 1275 1533 dimisit
1293 1505 1391 1533 eum
1409 1489 1454 1534 in
1472 1506 1605 1534 manu
1625 1507 1688 1534 ar-

309 1559 431 1606 bitrii
462 1559 541 1606 sui.
590 1558 710 1616 Quid
743 1558 854 1603 mihi
879 1574 997 1603 nunc
1024 1557 1219 1603 humano
1254 1558 1439 1621 imperio
1473 1559 1685 1622 eripitur,

310 1631 431 1694 quod
450 1630 629 1690 largitus
649 1641 712 1675 est
734 1631 878 1675 Deus?
902 1651 921 1669 »
957 1630 1052 1674 Hoc
1085 1629 1285 1675 videlicet
1310 1630 1509 1689 flagitans
1527 1667 1536 1685 ,
1565 1641 1612 1675 ut
1635 1630 1691 1676 ad

312 1701 531 1748 faciendas
554 1701 734 1761 injurias
761 1701 850 1744 Deo
867 1737 877 1755 ‚
902 1701 977 1762 qui
1004 1717 1104 1744 cum
1125 1700 1262 1746 libero
1284 1701 1466 1746 arbitrio
1491 1700 1593 1746 fecit
1609 1701 1691 1747 ho-

314 1772 476 1818 minem
493 1809 504 1827 ,
530 1772 717 1817 liberum
743 1771 974 1816 arbitrium
1007 1770 1088 1815 tibi
1113 1770 1385 1834 relinquatur
1409 1772 1463 1816 ab
1494 1771 1685 1819 homine.

317 1842 401 1888 Sed
424 1842 486 1887 illi
501 1842 628 1888 etiam
654 1842 731 1906 qui
746 1840 921 1887 decreto
938 1840 1349 1886 Nabuchodonosor
1373 1843 1503 1902 regis,
1531 1858 1696 1906 propo-

318 1913 399 1959 sita
421 1929 554 1975 poena
574 1912 774 1957 interitus
793 1911 858 1956 sui
883 1920 923 1955 et
947 1910 1222 1972 dispersionis
1240 1910 1470 1958 domorum
1493 1929 1666 1958 suarum
1682 1949 1693 1969 ‚

321 2001 345 2028 a
376 1983 724 2046 blasphemando
763 1983 853 2027 Deo
884 1981 1095 2037 sidrach,
1134 1982 1294 2038 Misac,
1331 1993 1372 2027 et
1403 1982 1695 2043 Abdenag01‚

321 2054 571 2100 terribiliter
607 2054 964 2117 prohibebantur
980 2090 990 2109 ‚
1031 2063 1072 2098 et
1116 2053 1270 2098 acriter
1310 2054 1344 2099 si
1375 2064 1701 2100 contemnerent

322 2125 617 2187 plecterentur
629 2162 640 2181 ,
659 2124 802 2170 dicere
816 2134 1052 2187 potuerunt
1069 2123 1191 2186 quod
1203 2123 1294 2186 ipsc
1308 2123 1449 2170 dixisti
1467 2142 1477 2168 r
1502 2146 1522 2167 «
1544 2126 1703 2184 Magna

326 2196 406 2241 'Dei
434 2195 592 2255 injuria
609 2232 619 2251 ,
647 2195 680 2241 si
704 2195 760 2240 ab
788 2195 1043 2240 hominibus
1075 2194 1344 2242 defendatur.
1382 2195 1500 2252 Quid
1528 2195 1581 2241 de
1613 2197 1704 2240 Deo

326 2265 537 2322 aestimat,
559 2266 636 2330 qui
658 2282 758 2312 eum
777 2265 983 2312 violentia
1004 2265 1099 2310 vult
1122 2264 1349 2310 defendere
1369 2302 1380 2321 ‚
1402 2266 1482 2311 nisi
1498 2266 1601 2329 quia
1618 2282 1704 2311 non

327 2336 441 2383 valet
463 2353 558 2382 suas
579 2337 671 2400 ipse
695 2336 876 2397 injurias
896 2334 1148 2382 vindicare?
1172 2356 1193 2377 ›)
1214 2336 1321 2381 Haec
1338 2336 1470 2382 verba
1491 2346 1563 2382 tua
1584 2353 1707 2400 pror-

378 2451 386 2473 Ι
407 2453 498 2484 Rom.
516 2462 591 2491 xm,
615 2454 684 2487 1-6.
706 2470 750 2477 —-
769 2450 784 2475 ²
803 2455 884 2485 Dan.
906 2463 958 2493 111,
980 2452 1036 2493 96.
