1763 2838
103 258 1473 284 mmmmwmmwmffmmmwmwmmmmuw

305 407 368 493 A
382 407 468 495 N
473 406 558 495 N
565 405 1127 497 OTATION
1133 408 1295 497 ES.

698 614 870 631 -Οὒὸ-

447 763 708 797 ΑΝΝοΤΛΤιο
746 747 816 812 (1)
850 763 950 812 pag.
1001 751 1104 813 174.

151 896 369 955 Quaedam
395 896 471 943 hie
495 895 674 943 minime
693 896 748 943 ad
771 897 1047 961 propositum
1070 897 1305 945 necessaria
1325 899 1458 947 silen-

86 965 146 1014 tio
165 967 379 1031 praeteriit
407 966 605 1030 Alypius.
652 967 775 1013 Hanc
808 966 945 1030 ipsam
968 967 1207 1031 Epistolam
1235 979 1366 1015 totam
1387 1007 1398 1024 ,
1421 980 1463 1016 et

84 1055 131 1084 ex
155 1037 258 1084 actis
277 1036 547 1094 collationis,
593 1037 665 1083 sed
693 1041 964 1100 integratam,
987 1039 1098 1085 inter
1128 1040 1459 1101 Augustinianas

85 1108 328 1165 retulimus,
355 1107 507 1154 ordine
530 1124 710 1155 cxxvm.

443 1279 702 1310 ANNOTATIO
740 1263 808 1327 (2)
845 1280 943 1327 pag.
989 1262 1096 1320 245.

144 1404 339 1451 Pulchre
364 1402 519 1449 alludit
544 1402 599 1448 ad
624 1420 787 1448 morem
810 1403 1137 1451 Donatistarum
1156 1440 1166 1460 ‚
1190 1419 1297 1467 quos
1327 1420 1460 1469 supra

82 1478 162 1524 lib.
186 1493 219 1523 1.
242 1493 280 1523 C.
309 1493 383 1538 27.
411 1473 649 1534 redarguit,
673 1474 792 1539 quod
812 1492 900 1521 sese
920 1475 973 1520 ad
993 1475 1168 1521 exitium
1188 1476 1466 1540 praecipitare

86 1548 284 1595 solerent.

442 1699 701 1733 ANNOTATIO
743 1683 812 1746 (3)
848 1699 948 1748 pag.
992 1685 1098 1732 260.

149 1840 280 1888 Hune
299 1842 553 1887 Sermonem
578 1857 627 1886 ex
650 1841 835 1887 Cellensi
858 1840 1010 1887 codiee
1036 1839 1149 1886 eruit
1167 1840 1461 1905 Hieronymus

83 1911 314 1972 Viguerius
333 1948 345 1966 ‚
370 1921 413 1955 et
441 1910 485 1956 in
510 1910 752 1956 secundum
777 1921 945 1956 tomum
969 1910 1218 1956 concinnati
1236 1928 1259 1955 a
1283 1928 1324 1957 se
1349 1915 1464 1975 Sup-

84 1981 294 2046 plementi
324 1980 626 2040 Augustiniani
651 1979 815 2035 retulit,
854 1979 965 2026 nihil
991 1980 1082 2042 ipse
1109 1980 1316 2027 dubitans
1351 1983 1461 2046 quin

84 2069 183 2098 vere
206 2050 350 2096 dietus
381 2051 435 2096 ab
470 2051 714 2110 Augustino
737 2050 866 2096 fuerit
884 2087 896 2106 ,
933 2060 973 2096 et
995 2050 1173 2113 quidem
1198 2052 1365 2113 primus
1384 2070 1462 2099 eo-

83 2140 181 2169 rum
209 2126 464 2167 Sermonum
482 2137 591 2183 quos
608 2123 656 2167 B.
688 2121 931 2183 Episcopus
954 2131 1058 2183 post
1082 2120 1239 2166 Valerii
1268 2139 1458 2184 praeees-

87 2194 194 2240 soris
226 2191 293 2237 sui
317 2191 487 2236 obitum
526 2190 628 2235 feeit
661 2190 715 2236 ad
755 2191 944 2253 plebem.
984 2191 1143 2236 Verum
1174 2201 1221 2236 ut
1255 2210 1344 2237 non
1385 2192 1461 2239 hic

87 2264 370 2309 immoremur
390 2260 435 2306 in
452 2260 733 2322 expendendo
752 2260 881 2323 stylo,
911 2260 987 2322 qui
1015 2277 1093 2306 nec
1120 2260 1220 2306 satis
1241 2261 1463 2321 gravitatis

90 2345 134 2379 et
149 2330 388 2392 dignitatis,
417 2346 496 2375 nec
516 2329 718 2376 dictionis
741 2330 918 2375 omnino
940 2330 1265 2389 Augustinianae
1282 2331 1466 2377 modum

87 2404 252 2450 habere
275 2399 449 2447 videtur
465 2437 476 2455 ,
500 2410 614 2445 certe
637 2402 786 2446 Sermo
809 2400 1010 2446 historias
1027 2399 1149 2456 duas,
1174 2402 1349 2448 alteram
1372 2401 1462 2448 dia-

87 2473 187 2520 coni
210 2470 439 2531 eujusdam
464 2470 819 2531 Mutugennensis
837 2507 848 2528 ‚
872 2470 1050 2516 alteram
1071 2470 1337 2530 Rusfieiaui,
1360 2473 1464 2535 (seu
