1763 2838
606 195 961 227 ANNorATmNEs.
1383 178 1476 226 553

171 261 350 308 Accedit
370 260 505 317 illud,
535 261 655 324 quod
676 261 722 306 in
745 260 941 306 eamdem
964 276 1053 305 rem
1077 259 1154 306 hic
1174 275 1295 306 num.
1328 259 1370 306 5.
1402 277 1474 305 re-

103 332 211 377 ferat
230 333 360 377 verba
388 331 593 395 Epistolae
612 348 717 377 cvii.
743 331 988 390 Augustino
1005 330 1179 393 scriptae
1203 348 1226 376 a
1244 330 1476 376 Theodoro

104 413 146 446 et
166 402 379 447 Maximo:
412 420 510 464 quae
531 419 629 447 sane
654 401 787 446 verba
808 401 862 445 ad
892 400 1017 445 aliam
1044 417 1215 446 causam
1249 410 1474 463 spectant,

105 472 347 517 Rusticiani
362 473 562 519 videlicet
584 471 860 526 subdiaconi,
886 471 960 533 qui
979 471 1141 533 pariter
1161 471 1216 516 ab
1238 470 1477 529 Augustino

105 543 303 595 descivit,
333 554 380 589 ut
404 561 425 588 a
453 543 675 588 Macrobio
696 541 1063 604 rebaptizaretur3
1084 542 1226 604 inqua
1241 541 1466 586 occasione

105 612 211 657 huic
244 613 363 659 dedit
389 614 653 672 Augustinus
691 611 931 676 Epistolam
964 628 1090 658 cvm.
1121 611 1294 657 circiter
1317 626 1479 670 annum

107 684 214 744 [109.
259 684 313 728 Et
337 700 438 729 vero
462 684 705 730 Rusticiani
738 683 922 742 hujusce
947 681 1204 727 subdiaconi
1238 697 1358 727 casus
1392 697 1481 725 non

105 753 184 797 nisi
220 764 318 815 post
353 754 539 799 Honorii
569 754 679 814 leges
703 763 856 798 contra
885 752 1132 797 Donatistas
1155 751 1379 809 contigisse
1408 749 1481 794 in-

108 822 315 881 telligitur
349 840 396 868 ex
436 823 585 869 eadem
621 839 733 869 cvm
764 821 983 886 Epistola,
1013 821 1059 867 id
1094 831 1173 876 est,
1197 831 1297 884 post
1321 835 1482 865 annum

107 893 215 947 405.
243 894 379 938 Nemo
400 904 564 949 autem,
587 893 650 940 uti
672 893 980 948 existimamus,
1001 909 1050 937 eo
1073 907 1210 955 usque
1222 889 1392 945 Valerii,
1414 888 1485 935 vi-

106 971 194 1006 tam
213 963 436 1009 extendere
457 974 637 1009 conetur
656 1001 667 1019 ‚
689 980 791 1009 cum
812 962 955 1010 videat
977 962 1267 1022 Augustinum
1289 960 1345 1005 ab
1366 976 1483 1004 exor-

107 1031 180 1077 dio
203 1033 268 1077 sui
296 1033 573 1097 episcopatus
594 1050 822 1097 nunquam
846 1033 1004 1079 Valerii
1027 1031 1273 1077 meminisse
1292 1068 1303 1085 ‚
1326 1039 1485 1093 praeter

109 1120 243 1166 quam
267 1103 312 1149 in
342 1105 543 1168 Epistolis
568 1122 659 1151 xxxi
689 1116 729 1151 et
752 1121 883 1151 xxxin
908 1142 918 1161 ‚
946 1121 1054 1167 quas
1077 1101 1199 1149 haud
1233 1101 1369 1147 dubie
1391 1101 1484 1146 cir-

103 1174 210 1218 citer
242 1191 404 1221 annum
428 1176 520 1236 396
550 1176 840 1238 conscripsit:
871 1175 941 1220 vix
986 1175 1113 1219 etiam
1144 1171 1372 1218 verisimile
1417 1179 1480 1216 est

108 1243 229 1289 hunc
253 1244 506 1300 diaconum,
535 1246 569 1291 si
597 1246 689 1308 ipse
710 1256 772 1292 est
794 1245 869 1308 qui
894 1248 985 1304 jam
1007 1262 1029 1289 a
1059 1242 1281 1306 principio
1312 1240 1484 1303 episco-

108 1324 236 1375 patus
275 1316 504 1374 Augustini
527 1316 789 1371 vacillabat,
814 1315 984 1360 nonnisi
1009 1312 1220 1358 decennio
1246 1321 1344 1374 post
1367 1310 1486 1355 ceci-

109 1385 233 1432 disse.
273 1389 407 1432 Porro
438 1386 643 1449 quaedam
672 1405 694 1432 a
731 1386 1036 1431 concionatore
1069 1381 1352 1446 proferuntur
1382 1390 1485 1425 tan-

109 1473 242 1519 quam
267 1473 314 1500 ex
333 1456 646 1516 Augustiniana
659 1455 713 1501 ad
741 1455 1015 1501 Macrobium
1030 1452 1250 1516 Epistola,
1273 1466 1373 1513 quae
1398 1465 1487 1494 non

110 1527 221 1588 ipsa,
250 1526 390 1572 sedin
422 1526 614 1590 Epistola
659 1543 762 1572 xxm
790 1526 845 1571 ad
876 1525 1160 1571 Maximinum
1189 1537 1379 1584 expresse
1399 1520 1485 1565 ha-

110 1597 285 1645 bentur.

177 1667 357 1713 Silentio
389 1668 628 1713 omittimus
660 1667 741 1713 alia
766 1683 864 1730 quae
885 1666 1072 1712 dubium
1103 1679 1340 1710 sermonem
1364 1661 1487 1706 hunc

110 1736 324 1794 reddunt,
360 1738 493 1784 veluti
531 1755 631 1783 cum
654 1739 699 1783 in
727 1755 775 1783 co
798 1737 1078 1783 concionator
1105 1734 1304 1781 eumdem
1329 1732 1452 1778 ilium
1472 1765 1484 1782 ,

113 1822 240 1867 quem
266 1825 308 1853 11.
335 1810 378 1863 li.
405 1808 663 1853 dissolutum
689 1808 910 1853 hominem
942 1824 992 1851 ac
1018 1806 1295 1868 profligatum
1318 1799 1488 1864 praedi-

113 1886 199 1929 cat,
230 1877 410 1922 militem
432 1878 607 1922 Domini
633 1888 673 1922 et
694 1894 766 1923 vas
790 1876 968 1921 honoris
987 1875 1095 1920 dicit
1120 1892 1162 1919 n.
1189 1874 1231 1918 3.
1260 1874 1372 1917 Cum
1399 1886 1487 1915 rem

112 1945 205 2007 ipsa
229 1947 436 2009 baptismi
468 1947 694 1992 iteratione
727 1947 862 2005 magis
891 1944 1122 2003 lugendam
1142 1942 1340 2002 judicat,
1368 1937 1488 2002 quod

113 2015 183 2059 ille
208 2016 412 2061 Ecclesiae
437 2016 627 2062 desertor
645 2017 772 2061 etiam
803 2015 1011 2060 diaconus
1041 2031 1063 2058 a
1088 2011 1325 2057 Donatistis
1351 2009 1489 2054 factus

113 2085 288 2131 fuisset:
316 2103 417 2131 cum
457 2086 629 2132 eosdem
663 2086 893 2131 haereticos
930 2083 1270 2146 rebaptizatores
1293 2079 1487 2142 exemplo

113 2156 321 2219 baptismi
345 2157 555 2202 Primiani
580 2167 727 2217 urget:
747 2174 795 2202 ac
809 2166 1017 2219 praeterea
1036 2154 1274 2198 Maximum
1289 2161 1331 2196 et
1345 2150 1489 2195 Theo-

115 2225 290 2277 dorum,
319 2227 394 2289 qui
415 2227 469 2271 ab
494 2227 735 2286 Augustino
754 2227 797 2271 in
820 2225 1013 2288 Epistola
1040 2239 1151 2269 cvm
1185 2222 1291 2280 filii
1328 2231 1372 2265 et
1407 2221 1491 2264 lzo-

116 2296 351 2341 amabiles
376 2300 472 2340 viri
491 2296 770 2359 appellantur
786 2332 796 2351 ‚
823 2295 985 2358 absque
1015 2293 1103 2339 ulla
1131 2290 1311 2337 honoris
1333 2289 1491 2334 testifi-

115 2365 284 2410 catione
305 2366 514 2413 nominat.
548 2366 740 2429 Usurpat
762 2384 805 2412 11.
847 2382 858 2411 1
895 2364 1078 2410 verbum
1107 2379 1240 2407 omen
1265 2397 1275 2416 ‚
1301 2358 1421 2424 quod
1444 2358 1490 2404 in

117 2434 194 2480 lib.
224 2452 259 2481 1.
284 2436 476 2481 Retract.
505 2453 542 2482 c.
579 2453 591 2481 1
626 2436 906 2498 improbatur
932 2434 987 2478 ab
1012 2431 1267 2491 Augustino.
1293 2428 1490 2474 Tandem

117 2504 192 2551 hic
215 2522 257 2551 n.
286 2507 327 2563 ,4.
356 2505 409 2550 de
434 2506 644 2551 Primiani
671 2505 784 2553 facto
812 2503 993 2569 perinde
1021 2503 1098 2549 iste
1131 2501 1351 2564 loquitur,
1389 2515 1439 2544 ac
1457 2496 1490 2544 si
