1763 2838
254 217 528 250 BREVICULUS
564 214 856 248 COLLATIONIS
892 216 982 249 CUM
1018 216 1296 250 DONATISTIS.
1404 207 1458 261 41

91 288 142 332 In
161 285 256 349 ipsa
284 295 425 330 autem
451 283 628 329 dioecesi
652 283 892 328 Mustitana
917 283 1122 346 apparuit
1150 295 1191 330 et
1212 284 1328 348 ipsos
1348 284 1466 348 epis-

90 375 251 421 copum
277 356 410 402 alium
448 356 638 418 antiquae
667 354 890 400 cathedrae
921 354 1137 400 addidisse
1159 392 1169 411 ,
1199 355 1320 418 quod
1348 356 1469 401 inani

89 427 254 473 invidia
280 426 521 473 Catholicis
539 426 790 485 objecerant
808 443 819 470 ε
845 425 931 470 hoc
956 436 997 470 et
1013 426 1058 471 in
1079 426 1170 472 aliis
1185 426 1293 472 locis
1308 443 1377 472 eos
1399 425 1466 471 fe-

90 498 207 553 cissej
234 508 381 561 postea
403 496 674 542 declaratum
694 506 769 542 est.

154 569 270 615 XIV.
294 566 770 621 Tertio-decimoloco,
787 565 1007 611 recensitis
1037 576 1077 611 et
1092 567 1326 627 recognitis
1346 584 1469 630 pree-

91 639 283 684 sentibus
312 638 552 684 Catholicis
577 638 652 701 qui
681 637 1042 700 subscripserant,
1071 638 1281 696 Cognitor
1310 637 1472 683 obtulit

91 721 256 774 petens,
291 721 339 755 ut
362 710 629 755 considentes
658 709 805 772 potius
830 719 1160 772 agerentquam
1184 720 1354 755 stantes.
1385 710 1472 754 Do-

91 781 261 827 natistae
282 792 426 827 tamen
450 791 784 836 recusaverunt,
813 780 970 840 gratias
995 791 1138 826 tamen
1162 791 1332 840 agentes
1351 779 1472 843 quod

92 853 252 898 talibus
277 854 451 899 senibus
472 853 698 899 obtulisset
723 869 986 907 consessum,
1008 863 1049 897 et
1066 852 1110 897 in
1133 870 1182 897 ea
1203 853 1472 898 recusatione

85 923 221 969 multa
246 924 437 970 dicentes
462 925 506 969 in
528 924 700 969 laudem
718 941 858 975 suam,
884 935 924 969 et
948 925 993 969 in
1014 923 1189 969 laudem
1214 923 1349 987 ipsius
1363 924 1473 983 Cog-

85 994 263 1048 nitoris;
313 1013 413 1058 quie
443 995 554 1054 legat
582 995 658 1057 qui
695 994 878 1039 voluerit
910 995 953 1040 in
985 995 1306 1057 conscriptione
1330 1004 1474 1053 gesto-

87 1081 184 1109 rum
210 1083 220 1110 t
250 1067 438 1128 pertinet
457 1066 572 1110 enim
610 1065 662 1110 ad
688 1083 775 1109 rem
793 1103 803 1114 ,
830 1065 1053 1128 quomodo
1074 1082 1205 1128 quem
1233 1065 1291 1109 sic
1323 1063 1474 1109 lauda-

87 1148 262 1191 verunt,
287 1149 335 1182 ut
362 1138 556 1183 dicerent
581 1158 599 1177 r<
624 1137 936 1185 honorificum,
959 1140 1126 1195 justum
1142 1174 1151 1184 „
1176 1146 1439 1181 reverentem
1459 1171 1470 1190 ‚

89 1206 326 1266 benignum
343 1245 352 1260 ,
378 1229 396 1248 ›>
417 1225 590 1252 cansam
610 1218 772 1256 tamen„
798 1217 980 1269 propter
995 1210 1123 1265 cujus
1144 1206 1358 1251 actionem
1383 1215 1474 1249 tam

90 1277 218 1322 inulti
241 1289 552 1333 convenerant‚
581 1278 699 1340 apud
726 1295 822 1323 eum
849 1278 914 1336 agi
942 1278 1163 1323 nolebant.

156 1349 250 1395 XV.
277 1348 647 1405 Quarto-decimo
668 1348 765 1394 loco
792 1348 1046 1393 mandatnm
1066 1349 1195 1394 etiam
1223 1347 1476 1393 Donatista-

91 1436 187 1464 rum
207 1421 429 1483 prolatum
465 1431 504 1465 et
536 1420 765 1465 recitatum
795 1431 849 1464 est
877 1457 886 1469 .
923 1420 1113 1465 breviter
1141 1420 1326 1474 tactum,
1354 1428 1400 1463 ut
1427 1416 1477 1461 hi

93 1507 202 1553 quos
223 1491 453 1551 elegerant,
485 1501 656 1551 agerent
678 1491 797 1536 velut
824 1490 1026 1535 adversus
1053 1490 1279 1535 traditores
1304 1500 1345 1534 et
1373 1505 1478 1551 per-

93 1571 309 1606 secutores
330 1579 426 1606 suos
445 1599 455 1615 ,
482 1571 659 1606 recitata
698 1571 799 1604 sunt
826 1571 953 1621 etiam
976 1577 1125 1605 eorum
1144 1577 1321 1604 nomina
1342 1596 1353 1614 ‚
1376 1574 1475 1603 curn

93 1631 181 1675 hoc
204 1632 426 1678 Catholici
454 1633 545 1677 sieri
572 1632 806 1694 petissent,
845 1642 892 1676 nt
928 1641 1144 1676 constaret
1178 1641 1325 1675 utrum
1360 1627 1479 1691 apud

97 1701 407 1761 Carthaginem
446 1713 678 1765 praesentes
714 1701 1074 1764 subscripserant.
1114 1700 1199 1746 Sed
1242 1701 1481 1745 Donatistae

95 1771 232 1817 multo
266 1773 496 1818 instantius
519 1773 605 1817 hoc
633 1784 679 1818 ut
711 1773 831 1817 fieret
854 1772 1078 1832 Cognitori
1113 1782 1405 1825 extorserunt,
1432 1779 1481 1815 ut

96 1859 246 1888 eorum
274 1861 449 1909 quoque
473 1861 678 1890 numerus
703 1855 945 1906 appareret.
973 1843 1092 1906 quod
1108 1860 1149 1888 se
1166 1860 1319 1901 magna
1345 1842 1482 1887 inten-

96 1913 214 1958 tione
243 1914 351 1959 velle
389 1916 706 1960 monstrabant.
748 1916 798 1959 ln
833 1933 880 1960 ea
909 1932 1008 1959 sane
1030 1914 1283 1959 recitatione
1314 1910 1479 1958 inventi

99 1995 197 2029 sunt
223 1985 404 2049 quidam
422 2023 432 2042 a
451 2004 531 2049 pro
554 1986 715 2049 quibus
741 1986 992 2031 absentibus
1013 1985 1084 2030 alii
1112 1984 1475 2047 subscripserunt.

100 2056 306 2101 Inventus
340 2067 400 2102 est
425 2057 553 2101 etiam
593 2073 702 2101 nnus
721 2093 731 2112 ,
764 2056 839 2119 qui
874 2074 975 2101 cum
1002 2073 1078 2102 suo
1106 2056 1279 2101 nomine
1304 2054 1484 2099 recitato

100 2142 190 2171 non
215 2127 511 2190 responderet,
530 2127 731 2172 dixerunt
746 2143 844 2171 eum
865 2144 908 2171 m
927 2127 1077 2171 itinere
1096 2144 1181 2171 esse
1205 2124 1479 2170 defunctum.

103 2197 158 2240 Et
195 2214 295 2242 eum
322 2208 568 2260 quaererent
603 2197 854 2251 Catholici,
895 2197 1117 2260 quomodo
1144 2195 1337 2259 potuerit
1368 2192 1487 2258 apud

104 2266 415 2327 Carthaginem
441 2267 728 2323 subscribere,
748 2267 822 2330 qui
836 2266 978 2312 fuerat
997 2269 1042 2312 in
1061 2268 1212 2313 itinere
1233 2265 1484 2319 defunctus,

104 2336 166 2382 illi
188 2337 263 2382 diu
283 2338 624 2393 fluctuaverunt,
651 2337 916 2401 perturbati,
941 2348 981 2383 et
1009 2338 1245 2383 nescientes
1273 2335 1381 2400 quid
1400 2352 1490 2381 res-

107 2407 361 2470 ponderent,
397 2410 507 2454 Nam
528 2410 670 2472 primo
696 2408 912 2453 dixerunt.
943 2407 1096 2453 nonde
1115 2408 1227 2470 ipso,
1253 2406 1325 2451 sed
1343 2405 1395 2450 de'
1407 2404 1490 2450 alio

105 2477 234 2524 fuisse
260 2491 519 2540 suggestum.
550 2480 605 2525 Et
625 2496 725 2525 eum
749 2479 968 2524 Catholici
986 2488 1212 2542 putassent
1236 2476 1289 2521 de
1317 2475 1423 2530 alio,
1444 2474 1486 2519 id

107 2560 185 2606 est,
206 2549 258 2597 de
276 2551 432 2599 clerico
456 2568 526 2598 eos
541 2550 703 2608 dicere,
725 2551 801 2614 qui
820 2568 901 2614 pro
923 2560 1096 2598 mortuo
1125 2547 1399 2596 subscribere
1411 2562 1491 2609 po·
