1763 2838
142 258 194 286 DE
234 256 521 286 ΡῙίῌὶΑΤΟΡ-[ἶλῐ
558 254 735 285 MEMTIS
771 255 824 286 ET
860 255 1144 294 REMISSIONE,
1188 256 1272 287 [AB.
1316 257 1346 287 Ι.
1424 241 1515 303 269

141 322 399 368 desiderium
417 338 495 366 nos
518 320 680 366 habere
706 338 790 366 non
812 321 948 366 solum
972 321 1054 384 ipsi
1080 321 1283 367 sentimus
1307 322 1351 366 in
1369 321 1513 379 nobis,

139 392 420 438 verumetiam
446 391 705 437 admonente
731 390 937 454 Apostolo
963 392 1261 451 cognoscimus
1282 429 1292 447 ‚
1323 392 1399 437 ubi
1425 393 1483 438 ait
1505 410 1515 437 :

141 483 162 504 «
188 462 359 507 Etenim
388 462 431 507 in
459 462 544 507 hoc
574 461 894 521 ingemiscimus
915 498 926 517 ‚
956 461 1261 508 habitaculum
1293 473 1486 508 nostrum
1506 499 1518 520 ,

141 555 161 576 n
182 532 301 597 quod
326 532 379 578 de
402 533 515 579 coelo
536 543 597 579 est
617 570 626 588 ‚
654 531 910 596 superindui
942 533 1163 595 cupientes
1180 570 1190 588 ‚
1225 533 1259 578 si
1285 544 1426 579 tamen
1450 535 1521 579 in-

142 625 162 645 »
180 605 299 659 (luti,
334 622 422 650 non
446 604 555 650 nudi
579 605 867 650 inveniamur.
900 604 1071 648 Etenim
1096 604 1171 666 qui
1197 621 1344 650 sumus
1368 605 1410 650 in
1436 605 1521 650 hac

142 695 163 717 n
183 675 452 720 habitatione
468 712 477 729 ‚
502 674 821 733 ingemiscimus
843 673 1008 732 gravati
1027 710 1036 726 ‚
1062 673 1105 718 in
1126 690 1213 736 quo
1238 673 1439 719 nolumus
1457 692 1523 719 ex-

143 746 333 809 »poliari
352 783 361 800 ‚
405 745 477 790 sed
520 744 821 808 supervestiri.
871 754 918 788 ut
962 744 1247 788 absorbeatur
1281 744 1461 789 mortale
1499 764 1519 790 a

142 839 162 859 >³
182 818 271 862 vita
285 816 318 864 ¹.
345 838 364 859 ›>
384 816 573 862 Proinde
591 816 624 861 si
645 833 731 860 non
751 826 969 878 peccasset
992 814 1154 870 Adam,
1179 832 1267 859 non
1287 825 1377 859 erat
1397 833 1523 878 expo-

140 887 313 933 liandus
337 903 542 949 corpore,
583 886 655 931 sed
689 885 1067 948 supervestiendus
1101 885 1425 931 immortalitate
1444 924 1454 941 ,
1481 898 1522 932 rt

141 959 469 1022 incorruptione
488 995 498 1014 ,
538 968 586 1003 ut
622 957 928 1003 absorberetur
957 957 1138 1003 mortale
1163 975 1184 1002 a
1209 958 1296 1003 vita
1313 995 1323 1013 ,
1356 957 1397 1002 id
1426 969 1483 1003 est
1509 996 1519 1013 ,

143 1030 199 1075 ab
230 1029 403 1075 animali
423 1031 467 1075 in
491 1028 683 1092 spiritale
706 1028 915 1074 transiret.

208 1101 290 1146 ΙΙΙ.
334 1101 483 1162 Neque
506 1099 620 1144 enim
648 1098 931 1143 metuendum
956 1097 1039 1142 fuit
1060 1135 1069 1153 ,
1097 1115 1148 1143 110
1169 1098 1276 1148 forte
1304 1097 1334 1141 si
1359 1097 1524 1143 diutius

143 1170 217 1215 hic
237 1170 399 1215 viveret
419 1170 461 1214 in
489 1186 670 1232 corpore,
698 1169 895 1215 animali.
933 1179 1149 1214 senectute
1175 1178 1450 1225 gravaretur,
1483 1180 1524 1214 et

142 1240 355 1304 paulatim
385 1239 688 1285 veterascendo
723 1239 968 1301 perveniret
999 1239 1050 1283 ad
1088 1249 1284 1284 mortem.
1328 1238 1369 1282 Si
1411 1239 1524 1283 enim

144 1313 259 1356 Deus
288 1310 583 1355 Israelitarum
616 1309 879 1354 vestimentis
904 1319 944 1352 et
966 1307 1266 1353 calceamentis
1293 1309 1492 1370 pra·stitit,
1513 1347 1522 1365 ‚

143 1381 262 1445 quod
286 1399 363 1444 per
396 1391 458 1426 tot
497 1397 630 1425 annos
665 1397 751 1424 non
777 1390 876 1424 sunt
907 1379 1127 1434 obn—affl,
1167 1379 1273 1441 quid
1308 1380 1465 1424 mirum
1493 1381 1525 1425 si

145 1451 364 1497 obedienti
390 1452 557 1496 homini
581 1451 770 1509 ejusdem
802 1451 992 1512 potentia
1018 1461 1298 1512 p1·zPst;11·etui·
1317 1488 1326 1497 .
1362 1462 1408 1494 ut.
1429 1451 1526 1496 ani-

146 1522 256 1567 male
281 1539 328 1568 ac
350 1521 530 1566 mortale
558 1521 726 1564 liabens
750 1537 932 1582 corpus,
958 1520 1135 1564 liaberet
1154 1521 1196 1564 in
1222 1538 1268 1564 eo
1291 1520 1525 1583 qiiemdam

146 1604 328 1645 statum,
369 1609 456 1655 quo
485 1591 573 1636 sinc
622 1590 792 1635 deiectu
829 1602 931 1634 esset
969 1607 1180 1636 antimus.
1213 1601 1405 1652 tempor(¹
1438 1607 1526 1653 quo

146 1665 261 1709 Deus
283 1663 410 1709 vellet
429 1700 439 1718 ‚
464 1681 484 1708 a
506 1660 765 1706 mortalitate
788 1661 839 1705 ad
860 1660 1225 1705 iinmortalitatem
1248 1698 1257 1715 ‚
1280 1662 1369 1706 sine
1388 1661 1528 1706 media

147 1745 284 1780 morte
313 1735 553 1779 venturus)
581 1733 704 1776 Sicut
742 1732 853 1775 enim
882 1731 979 1776 lia-”c
1009 1731 1098 1793 ipsa
1129 1748 1230 1775 earo
1257 1749 1386 1793 quam
1412 1749 1528 1776 nunc

146 1805 362 1851 habemus
381 1841 390 1859 ‚
418 1820 506 1847 non
543 1801 638 1847 ideo
666 1818 751 1846 non
791 1812 851 1845 est
878 1800 1156 1846 vulnerabilis
1176 1839 1185 1848 .
1222 1803 1323 1864 quia
1361 1820 1444 1846 non
1470 1814 1531 1847 est

147 1892 313 1921 necesse
332 1885 380 1920 ut
404 1873 654 1919 vulneretur
676 1890 686 1916 ι
710 1872 769 1916 sic
788 1871 859 1917 illa
878 1889 963 1916 non
984 1871 1079 1916 ideo
1106 1890 1191 1916 non
1212 1872 1292 1917 fuit
1318 1873 1524 1923 mortalis.

147 1946 250 2010 quia
279 1963 364 1990 non
389 1955 479 1990 erat
503 1960 670 1989 necesse
695 1954 742 1987 ut
772 1952 1022 1987 moreretur.
1047 1941 1195 1986 Talem
1221 1953 1329 2004 puto
1353 1943 1529 1988 habitu-

149 2020 292 2065 dinem
320 2018 465 2064 adhuc
502 2018 545 2061 in
585 2032 767 2077 corpore
805 2014 976 2059 animali
1015 2025 1142 2076 atque
1174 2015 1372 2061 mortali.
1401 2018 1526 2061 etiam

148 2088 232 2134 illis
252 2089 325 2151 qui
345 2088 433 2132 sine
457 2097 593 2131 morte
611 2085 715 2130 hinc
737 2084 930 2129 translati
957 2095 1055 2128 sunt
1075 2122 1084 2130 .
1113 2084 1239 2130 fuisse
1260 2103 1521 2133 concessam.

150 2160 300 2222 Neque
320 2158 432 2203 enim
460 2155 614 2201 Enoch
641 2166 681 2200 et
714 2155 824 2199 Elias
852 2172 926 2217 per
951 2165 1036 2199 tam
1068 2154 1240 2213 longam
1268 2167 1435 2201 aetatem
1460 2175 1527 2201 se-

149 2241 322 2276 nectute
346 2226 670 2273 marcuerunt3.
700 2227 785 2270 Nee
813 2236 953 2270 tamen
984 2225 1112 2270 credo
1133 2243 1201 2271 eos
1229 2230 1320 2285 jam
1347 2227 1525 2272 inillam

150 2299 387 2363 spiritalem
404 2297 656 2361 qualitatem
678 2296 873 2358 corporis
897 2306 1211 2345 commutatos.
1239 2296 1378 2359 qualis
1403 2298 1445 2342 in
1470 2316 1529 2342 re-

150 2370 415 2416 surreetione
439 2367 713 2430 promittitur
732 2404 742 2419 ‚
771 2383 869 2429 quae
890 2366 932 2410 in
960 2367 1150 2410 Domino
1177 2367 1314 2428 prima
1343 2385 1531 2430 pra‘ces-

151 2443 204 2487 sit
231 2459 240 2486 :
280 2440 361 2485 nisi
392 2439 493 2502 quia
530 2438 599 2483 isti
633 2436 808 2482 fortasse
843 2453 919 2481 1100.
958 2436 1025 2481 liis
1049 2436 1157 2481 cibis
1187 2447 1336 2496 egent,
1367 2438 1441 2500 qui
1468 2439 1530 2483 sui

201 2548 209 2568 ¹
246 2557 262 2576 2
295 2547 371 2577 (lor.
406 2554 435 2574 v,
468 2554 498 2574 2.
534 2561 567 2566 —-
594 2541 609 2563 ‘²
640 2544 736 2576 Deut,
772 2552 874 2580 xxix,
915 2542 945 2574 ἦ,
969 2558 1012 2564 --
1041 2539 1054 2560 1³
1084 2543 1166 2572 Gen.
1203 2550 1233 2573 v,
1272 2547 1334 2579 24,
1355 2546 1384 2571 et
1407 2547 1423 2577 4
1455 2545 1529 2583 Reg.

155 2610 277 2630 11.11.
