1763 2838
281 159 367 221 19²¹-
693 170 725 199 s,
770 167 1012 201 Aucusrml
1047 170 1253 202 ΕΡῙεοοΡΙ

273 240 393 306 quod
428 237 611 291 diceret,
640 235 884 282 invenisset.
930 235 1229 300 Quaecumque
1261 235 1375 282 enim
1408 245 1456 282 ut
1485 235 1646 282 veniret

272 316 597 377 praeparaverat
609 305 750 351 dicere
767 342 778 362 ,
799 305 1031 364 adjuvante
1046 306 1339 352 misericordia
1356 306 1532 352 Domini
1548 316 1646 353 ante

274 391 375 429 sunt
394 389 536 425 nostra
550 375 845 441 praeventione
865 374 1049 422 refutata
1064 414 1074 432 ‚
1092 393 1224 440 quam
1238 377 1351 423 illius
1371 378 1645 423 circumven—

274 454 390 499 tione
410 448 596 514 prolata.
618 449 675 492 Et
695 457 808 492 certe
820 447 852 492 si
873 457 1000 510 putas
1017 464 1115 493 eum
1135 448 1322 510 potuisse
1339 485 1350 504 ‚
1371 447 1444 493 sed
1463 446 1647 493 noluisse

272 520 531 590 respondere
555 536 565 563 ε
589 518 678 578 lege
703 518 821 581 quod
847 536 947 563 cum
982 518 1057 563 illo
1083 528 1228 563 actum
1262 529 1346 574 est,
1374 529 1416 564 et
1444 518 1535 582 ipse
1554 534 1646 563 res—

272 592 432 657 ponde.
466 590 513 635 Si
535 589 580 634 in
604 605 755 652 pacem
783 588 1048 633 catholicam
1068 589 1285 634 transisset
1310 588 1522 634 Emeritus
1538 626 1549 644 ‚
1575 587 1646 633 di-

274 663 423 709 ceretis
457 678 555 706 eum
595 677 681 705 non
719 659 865 705 divina
902 660 1173 705 miseratione
1203 660 1460 706 consensisse
1492 659 1647 704 lumini

272 733 463 782 veritatis
481 769 492 788 7
531 730 605 776 sed
641 729 825 793 ponderi
851 730 1157 793 persecutionis
1184 729 1374 776 humana
1395 729 1647 776 infirmitate

273 805 454 850 cessisse.
486 802 532 846 Si
550 800 736 864 denique
759 811 915 863 (aptus
937 800 1226 846 adduceretur
1245 801 1424 857 invitus,
1441 799 1647 845 110111110-

270 876 344 939 pia
368 871 681 936 respondendi,
705 871 776 916 sed
801 871 1012 918 evadendi
1031 872 1208 918 consilio
1233 872 1412 917 tacuisse
1441 888 1522 934 pro
1563 887 1650 916 ves-

274 958 340 992 tro
375 944 557 992 arbitrio
591 943 832 1002 jactaretis.
869 943 995 988 Nunc
1026 961 1125 989 vero
1154 942 1511 1008 quandoquidem
1533 941 1650 986 ultro

271 1017 416 1073 venit,
444 1013 640 1078 profecto
659 1013 778 1076 quod
798 1013 955 1069 tacuit,
983 1030 1068 1058 non
1093 1014 1262 1072 lingua,
1287 1013 1357 1058 sed
1378 1029 1505 1058 eausa
1531 1010 1654 1057 defe-

273 1088 333 1134 cit
355 1105 365 1132 :
393 1085 514 1150 quod
534 1094 679 1130 autem
704 1085 888 1128 transire
907 1083 951 1128 in
972 1084 1180 1128 unitatem
1207 1083 1468 1128 catholicam
1485 1081 1650 1135 noluit,

276 1158 464 1203 animam
502 1154 735 1218 superbam
773 1153 971 1199 confusio
1005 1154 1393 1216 pertinacissimam
1428 1152 1543 1198 fecit.
1572 1151 1655 1197 Sed

273 1229 361 1275 hoc
384 1237 599 1291 quantum
626 1224 680 1270 ad
710 1224 846 1287 ipsius
866 1224 1040 1269 exitium
1065 1234 1192 1286 atque
1223 1223 1489 1286 supplicium
1506 1259 1516 1277 ‚
1556 1232 1657 1266 tan—

281 1311 373 1345 tum
397 1297 451 1343 ad
475 1296 660 1341 aliorum
689 1295 1065 1340 confirmationem
1090 1294 1357 1356 salutemque
1382 1291 1578 1356 profecit.
1611 1292 1662 1337 Si.

277 1371 390 1416 enim
408 1369 608 1415 viderent
630 1367 871 1411 Emeritum
890 1365 1016 1410 nobis
1034 1365 1422 1410 communicantem
1442 1401 1452 1419 ,
1467 1363 1657 1426 suspica-

278 1451 429 1486 rentur
462 1437 688 1483 hominem
728 1435 1034 1496 formidantem
1057 1453 1067 1479 :
1095 1452 1194 1480 cum
1225 1445 1365 1480 autem
1390 1433 1592 1480 viderunt
1617 1443 1658 1478 et

276 1512 323 1558 in
336 1520 457 1574 parte
475 1508 639 1554 Donati
662 1516 987 1570 permanentem
1006 1543 1016 1562 ‚
1045 1516 1085 1550 et
1105 1516 1245 1550 tamen
1270 1505 1471 1550 adversus
1492 1503 1659 1548 Catho-

275 1582 407 1627 licam
433 1579 697 1625 reticentem„
716 1576 851 1635 magis
874 1576 961 1620 illis
980 1575 1182 1639 apparuit
1201 1585 1349 1620 contra
1371 1591 1469 1619 suos
1492 1573 1658 1618 silendo

280 1652 480 1697 clamare.
506 1650 571 1694 An
585 1664 685 1693 vero
704 1663 803 1691 cum
820 1663 926 1691 voce
950 1656 1077 1709 atque
1096 1662 1168 1690 ore
1185 1662 1286 1691 sano
1301 1656 1341 1690 et
1357 1645 1494 1690 libero
1511 1654 1656 1698 staret,

280 1740 368 1768 non
388 1730 477 1766 erat
497 1736 576 1782 pro
594 1728 733 1763 vestra
750 1733 879 1761 causa
906 1727 1058 1761 contra
1084 1733 1159 1761 nos
1185 1717 1300 1761 testis
1323 1715 1507 1761 idoneus
1529 1716 1660 1759 Eme-

283 1793 392 1838 ritus
410 1790 480 1836 ille
498 1826 509 1845 7
535 1788 607 1833 ille
634 1787 848 1831 Eme-ritus
867 1824 877 1840 ‚
906 1787 1110 1849 inquam,
1139 1796 1180 1830 et
1201 1786 1401 1831 inimicus
1425 1795 1466 1831 et
1486 1787 1660 1830 mutus?

350 1862 468 1908 xvi.
505 1857 590 1904 Sed
615 1858 725 1902 bene
748 1857 827 1901 tibi
858 1857 969 1902 visus
990 1874 1031 1901 es
1049 1867 1209 1902 vestros
1229 1856 1486 1902 auctoritate
1502 1855 1661 1903 videli-

286 1943 355 1979 cet
378 1929 614 1994 apostolica
633 1926 843 1972 consolari
868 1944 877 1971 ε
901 1944 987 1971 11011
1008 1936 1188 1989 propter
1209 1927 1465 1981 Emeritum,
1486 1926 1662 1988 quinon

285 2003 431 2068 potuit
460 2001 560 2064 plus
582 1999 721 2044 facere
744 2015 825 2060 pro
851 1998 999 2053 vobis,
1028 2014 1160 2060 quam
1185 1996 1304 2060 quod
1329 2014 1415 2041 non
1442 1997 1663 2043 inveniens

285 2073 393 2140 quid
416 2074 663 2135 loqueretur
687 2086 767 2132 pro
794 2069 932 2122 vobis,
960 2085 1048 2112 non
1071 2079 1215 2113 tamen
1240 2067 1443 2112 abscessit
1471 2084 1494 2111 a
1511 2067 1664 2124 vobis3

289 2145 358 2191 sed
384 2152 566 2207 propter
587 2139 710 2194 alios,
730 2139 806 2202 qui
826 2150 964 2184 vestro
982 2155 1124 2183 errore
1139 2138 1343 2183 derelicto
1358 2137 1403 2182 in
1419 2137 1664 2182 societatem

291 2214 554 2263 catholicam
594 2210 773 2264 mutati,
805 2209 847 2254 in
879 2209 1030 2254 melius
1063 2219 1368 2269 aggregantur‚
1397 2225 1665 2253 commemo—

291 2287 392 2334 rasti
413 2293 642 2347 propterea
666 2280 817 2325 dixisse
846 2279 1102 2342 Apostolum
1125 2296 1135 2324 ε
1163 2300 1182 2319 <‹
1211 2279 1255 2325 Si
1281 2277 1460 2342 quidam
1489 2277 1665 2322 illorum

292 2381 313 2402 >)
336 2354 586 2402 exciderunt
610 2369 632 2395 a
657 2349 766 2405 fide,
804 2349 1020 2412 numquid
1054 2348 1290 2394 infidelitas
1325 2347 1498 2392 illorum
1534 2346 1665 2392 fidem

293 2451 314 2474 »
337 2427 419 2476 Dei
450 2421 706 2469 evacuavit?
734 2419 900 2466 Absitl.
927 2441 947 2462 ›>
972 2420 1136 2466 Revera
1173 2419 1258 2464 hoc
1290 2427 1417 2463 restat
1436 2454 1446 2473 ‚
1479 2427 1526 2462 ut
1551 2417 1665 2463 exei-

342 2513 352 2534 ¹
374 2514 465 2542 Rom.
484 2518 530 2543 111,
551 2508 581 2535 ⁴3.
