1763 2838
278 238 334 268 DE
373 235 509 268 UNICO
546 235 768 268 BAPTISMO
804 235 979 269 CONTRA
1016 235 1304 271 PETILIANUM.
1467 245 1495 289 9

115 304 201 351 sius
220 303 377 350 mundi
400 303 617 368 quaslibet
642 304 883 367 particulas
911 320 1017 367 quas
1049 304 1221 350 colebas
1247 323 1257 350 ε
1287 306 1365 352 Dei
1385 307 1501 354 enim

117 375 370 427 veritatem,
408 392 494 437 qua
521 374 661 420 credis
693 375 748 420 ab
782 375 877 438 ipso
913 375 1129 420 mundum
1166 376 1391 423 conditum
1412 415 1422 433 ‚
1457 378 1503 423 in

116 457 191 491 tua
215 445 378 491 detines
400 445 629 508 iniquitate
648 483 658 501 ‚
681 462 767 509 qua
791 445 972 491 deorum
999 446 1143 491 cultor
1166 446 1229 492 vis
1254 464 1339 492 esse
1365 447 1496 493 falso-

116 533 229 563 rum.
259 516 330 562 Sic
353 516 484 561 etiam
507 516 715 562 haeretico
737 516 900 562 dicitur
919 554 929 567 ,
968 517 1042 579 qui
1062 528 1330 563 sacramenta
1354 519 1500 564 chris-

118 588 252 637 tiana,
279 587 391 631 sicut
406 586 449 631 in
470 587 660 632 Ecclesia
683 587 898 634 catholica
921 587 1171 637 traduntur,
1195 588 1315 634 nulla
1333 606 1408 635 sua
1426 589 1504 635 fal-

117 658 242 703 sitate
268 658 454 702 mutavit
477 675 488 702 z
514 659 629 703 Tene
650 659 940 724 christianum
959 659 1228 722 baptismum
1254 660 1298 704 in
1332 660 1504 706 nomine

117 728 260 774 Patris
283 739 323 773 et
348 727 445 772 Filii
468 739 510 773 et
533 729 720 792 Spiritus
747 729 909 785 sancti,
950 730 1060 774 sicut
1094 729 1297 783 tenebas3
1324 730 1396 775 sed
1426 748 1503 791 ag-

117 815 246 844 nosce
284 798 447 844 Christi
487 799 724 845 Ecclesiam
756 810 878 855 1010,
918 800 1032 846 sicut
1059 800 1376 863 prophetatum
1411 812 1503 857 est,

119 870 224 916 orbe
258 881 544 923 crescentem,
583 872 654 916 cui
694 872 897 931 sacrilega
925 889 1032 917 voce
1070 871 1392 917 maledicebas:
1429 871 1508 917 Dei

120 940 233 986 enim
252 942 474 985 veritatem
500 940 553 987 de
573 943 737 987 unitate
763 943 1039 1005 baptismatis
1066 943 1110 987 in
1136 942 1366 1005 iniquitate
1391 943 1506 988 deti-

119 1027 192 1057 nes
207 1021 294 1056 tuae
309 1010 549 1058 divisionis.
580 1014 760 1073 (lori-ige
780 1013 1052 1076 iiiiquitatem
1074 1013 1269 1057 liceretici
1290 1013 1502 1071 figmenti,

120 1099 172 1127 nc
190 1081 346 1145 perdat
374 1092 437 1135 te;
464 1093 506 1127 et
530 1083 619 1128 noli
646 1084 872 1146 superbire
898 1082 950 1127 de
975 1083 1155 1128 veritate
1187 1082 1413 1143 christiani
1433 1100 1505 1127 sa-

122 1152 333 1197 cramenti
354 1189 365 1207 ,
395 1170 494 1215 quae
515 1153 576 1197 ibi
601 1164 662 1197 est
683 1165 730 1198 ut
749 1153 918 1212 judicet
951 1163 1002 1198 te.
1037 1153 1126 1211 Ego
1153 1162 1296 1197 autem
1326 1152 1436 1197 absit
1460 1163 1508 1197 ut

122 1224 181 1267 sic
203 1222 386 1267 detester
403 1224 675 1286 iniquitatem
695 1234 815 1268 tuam
835 1262 845 1277 ,
869 1234 917 1268 ut
934 1223 1097 1267 Christi
1118 1223 1327 1283 abnegem
1352 1224 1507 1269 verita-

123 1304 234 1349 tem,
270 1310 400 1355 quam
428 1293 471 1337 in
497 1304 535 1338 te
568 1295 740 1339 inrenio
776 1294 826 1339 ad
864 1294 1187 1339 damnationem
1214 1305 1333 1339 tuam
1357 1310 1367 1331 τ
1396 1294 1510 1339 absit

124 1375 173 1410 ut
193 1364 252 1409 sic
277 1375 316 1409 te
349 1365 563 1424 corrigam
587 1402 596 1414 ,
639 1376 686 1410 ut.
710 1365 817 1410 illud
845 1365 960 1410 unde
990 1376 1030 1410 te
1064 1365 1233 1424 corrigo
1259 1364 1506 1418 destruam;

122 1434 338 1482 nisisorte
355 1436 570 1481 destruere
599 1435 736 1481 debeo
759 1453 910 1481 verum
932 1435 1051 1499 quod
1082 1436 1255 1480 invenio
1290 1436 1334 1480 111
1365 1435 1509 1480 31111113

125 1506 431 1552 baereticorum
450 1545 459 1562 ‚
511 1524 611 1552 cum
655 1507 888 1569 Apostolus
931 1524 1016 1551 non
1057 1506 1315 1551 destruxerit
1357 1523 1507 1552 verum

125 1577 245 1641 quod
267 1579 430 1623 invenit
450 1578 494 1623 in
514 1577 660 1640 lapide
683 1579 973 1635 Paganoruni.

193 1649 315 1693 wll.
363 1647 466 1693 Plus
504 1659 564 1693 est
600 1665 711 1692 unus
750 1649 890 1703 Deus,
924 1665 1053 1710 quam
1093 1663 1203 1692 unus
1233 1646 1508 1710 baptismus,

127 1735 266 1781 neque
296 1718 410 1763 enim
433 1719 679 1781 baptismus
705 1719 819 1763 Deus
849 1729 934 1774 cst,
968 1717 1040 1763 sed
1066 1717 1163 1762 ideo
1197 1734 1403 1776 magnum
1426 1717 1509 1762 ali-

128 1789 234 1853 quid
253 1799 337 1837 est.
366 1789 467 1852 quia
489 1800 809 1834 sacramentum
831 1800 893 1834 est
913 1790 991 1834 Dei
1014 1807 1023 1832 :
1051 1800 1091 1833 et,
1114 1800 1255 1834 tamen
1282 1789 1372 1851 ipse
1398 1804 1510 1832 unus

130 1860 246 1905 Deus
277 1860 404 1905 etiam
429 1871 544 1905 extra
572 1860 807 1905 Ecclesiam
839 1861 892 1904 ab
931 1860 1232 1919 ignorantibus
1265 1859 1506 1904 colebatur.

134 1930 205 1975 Sic
230 1947 328 1990 ergo
350 1941 391 1975 et
416 1948 524 1976 unus
547 1931 789 1993 baptismus
813 1931 941 1975 etiam
964 1941 1078 1975 extra
1101 1930 1338 1975 Ecclesiam
1366 1930 1422 1974 ab
1444 1929 1513 1988 ig-

131 2001 389 2046 norantibus
408 2001 553 2048 datur.
584 2002 671 2058 Qui
694 2001 804 2047 dicit
836 2002 925 2046 fieri
957 2019 1044 2046 non
1069 2002 1285 2064 potuisse,
1322 2011 1370 2045 ut
1405 2016 1515 2044 unus

133 2076 252 2117 Deus
273 2083 314 2117 et
338 2090 464 2118 verus
488 2073 542 2118 ab
560 2074 861 2133 ignorantibus
880 2084 995 2119 extra
1016 2072 1254 2118 Ecclesiam
1277 2071 1490 2118 coleretur
1504 2107 1514 2126 ,

133 2143 277 2189 rideat
300 2161 389 2197 non⁴
405 2144 511 2206 quid
536 2144 645 2189 mihi
662 2182 672 2199 ‚
697 2144 768 2190 sed
795 2144 902 2207 quid
931 2144 1012 2206 ipsi
1035 2142 1243 2203 Apostolo
1268 2142 1407 2187 valeat
1428 2158 1519 2185 res-

135 2214 330 2277 pondere
363 2215 524 2259 dicenti
551 2233 560 2259 z
604 2217 786 2270 «Quem
814 2232 888 2259 vos
920 2215 1166 2273 ignorantes
1192 2213 1359 2268 colitis,
1397 2213 1518 2257 hunc

138 2302 253 2345 »ego
281 2285 492 2330 annuntio
518 2285 691 2332 vobis‘l.
721 2306 739 2326 »
775 2286 918 2342 Quam
954 2285 1011 2330 ob
1045 2301 1131 2329 rem
1167 2284 1281 2329 sicut
1317 2282 1430 2328 nihil
1462 2281 1520 2327 eis

137 2355 346 2421 proderat
371 2355 422 2401 ad
446 2356 625 2401 salutem
642 2393 651 2403 .
677 2357 754 2420 qui
777 2373 927 2401 verum
955 2357 1095 2400 Deum
1121 2355 1367 2414 ignorantes
1387 2391 1396 2407 ‚
1425 2370 1521 2398 eum

139 2439 284 2473 tamen
302 2427 536 2481 colebant3
569 2428 656 2473 imo
680 2438 722 2473 et
746 2428 897 2473 oberat
923 2427 974 2472 ad
997 2426 1233 2490 perniciem
1251 2463 1261 2481 ‚
1290 2423 1410 2488 quod
1437 2423 1523 2469 sal-

141 2515 205 2544 sos
230 2497 332 2543 deos
354 2497 482 2543 simul
504 2498 690 2545 colentes
710 2498 849 2546 eidem
870 2515 971 2545 rero
1005 2501 1099 2543 Deo
1126 2496 1377 2557 sacrilegam
1401 2496 1522 2554 111ιὶ11ς

191 2578 200 2602 ³
222 2584 291 2617 Act.
313 2592 391 2625 ῖ-ρνιι,
414 2583 465 2613 23.
