1763 2838
264 157 345 203 102
673 156 707 185 s.
753 155 996 185 Aucus‘rnw
1034 155 1234 186 Eriseom

256 238 341 266 non
367 231 539 284 oportet
561 219 793 283 baptizari,
824 221 916 283 ipsa
942 220 1170 266 catholicae
1202 220 1374 266 unitatis
1415 220 1628 268 charitate

255 291 474 346 mundari,
518 301 566 336 ut
593 307 679 335 non
714 291 897 353 incipiat
920 291 978 335 eis
1012 291 1125 335 intus
1149 290 1281 335 inesse
1307 292 1424 354 qnod
1465 304 1506 337 et
1528 291 1629 338 foris

255 362 410 417 inerat,
440 361 510 406 sed
530 361 713 423 incipiat
736 361 792 405 eis
816 360 992 423 prodese
1032 360 1146 405 intus
1180 361 1297 423 quod
1338 362 1437 407 soris
1458 363 1622 408 oberat.

259 432 353 475 Non
378 432 522 493 itaque
547 448 568 475 a
587 431 711 476 vobis
729 431 966 493 accipimus
991 430 1107 474 velut
1127 441 1311 485 sanctes,
1341 432 1392 475 ad
1417 449 1492 477 nos
1515 433 1628 477 enim

259 501 518 545 transeundo
543 501 887 549 sanctificantur.
914 501 989 563 qni
1017 500 1230 544 manendo
1257 502 1374 563 apud
1393 519 1466 547 vos
1495 503 1631 547 sancti

257 588 341 616 esse
367 571 542 615 omnino
564 587 649 615 non
670 581 850 633 possunt
877 588 887 615 t
916 587 994 615 nee
1013 587 1088 615 vos
1107 570 1354 616 innocentes
1370 572 1625 629 occidimus,

256 659 363 705 quos
388 641 514 685 etiam
535 658 624 685 reos
649 641 790 686 vivere
817 640 1031 686 volumus.

323 713 439 757 XIV.
461 711 544 756 Sed
568 723 610 756 tu
627 711 700 774 qni
717 711 1009 756 testimonium
1024 711 1184 758 divinae
1198 713 1316 758 vocis
1337 713 1444 758 hene
1459 713 1627 769 recolis,

257 795 295 830 et
314 783 438 828 not-is.
455 782 607 841 objicis
626 784 762 827 Deum
785 782 958 827 dixisse:
979 803 997 822 α
1018 783 1292 828 innocentem
1315 786 1529 842 etjustum
1545 800 1632 828 non

258 876 277 896 »
297 851 521 898 oceides¹:
542 873 560 892 ›>
578 852 826 897 siinnoeens
845 868 886 896 es
902 862 942 896 et
957 855 1116 910 justus,
1135 870 1267 915 qnare
1286 864 1322 898 te
1340 853 1528 898 occidis?
1547 855 1632 899 Nos

261 936 300 970 te
324 925 596 969 innocentem
621 933 660 966 et
681 926 846 981 justum
867 939 952 967 non
977 922 1178 979 dicimus,
1201 935 1241 969 et
1267 936 1407 969 tamen
1430 923 1632 969 nolumus

265 1006 311 1041 ut
327 993 556 1048 occidaris,
574 1003 619 1038 tu
635 1003 674 1037 te
686 993 958 1038 innocentem
974 997 1187 1052 etJ'ustum
1205 995 1442 1039 arbitraris.
1457 1005 1497 1038 et
1511 995 1632 1039 inno-

261 1065 816 1126 centie-tjustononparcis.
838 1062 1049 1107 «Certum
1069 1073 1130 1107 est
1151 1063 1299 1123 igitur,
1317 1063 1575 1126 ipsedixisfi,
1590 1064 1634 1109 in

265 1135 343 1180 Dei
368 1134 534 1193 jndicio
548 1134 643 1197 pari
668 1133 847 1178 erimine
872 1133 1051 1196 parique
1065 1145 1182 1179 reatu
1204 1152 1288 1179 esse
1303 1134 1540 1190 devinctos,
1557 1134 1633 1198 qui

262 1223 381 1251 reum
400 1205 647 1260 absolverit,
665 1204 791 1267 etqui
811 1205 1080 1249 innocentem
1098 1205 1323 1252 occiderit.
1345 1227 1363 1245 ›>
1381 1206 1525 1261 Quare
1536 1222 1634 1264 ergo

261 1276 483 1323 absolvisti
503 1275 763 1320 Felieianum
787 1275 1145 1320 Maximianistam
1173 1293 1291 1320 reum
1309 1278 1327 1320 Ῥ
1347 1275 1492 1330 Quare
1513 1275 1635 1320 inno-

263 1357 425 1392 centem
453 1346 614 1391 occidis
625 1355 666 1390 et
681 1355 718 1389 te
742 1346 917 1407 ipsum?
942 1346 1027 1389 Nos
1048 1356 1187 1390 antem
1214 1364 1290 1391 nee
1312 1362 1429 1390 reum
1452 1345 1636 1391 absolvi-

264 1434 376 1472 mus,
400 1416 471 1461 scd
490 1426 537 1460 ut
555 1425 765 1460 mereatur
790 1415 973 1461 absolvi.
994 1416 1112 1479 prius
1130 1415 1286 1474 corrigi
1304 1416 1505 1478 cupimus
1527 1433 1536 1459 ε
1557 1433 1635 1461 nec

267 1497 304 1532 te
322 1487 611 1541 innocentem,
628 1485 713 1530 sive
730 1485 805 1529 tibi
827 1502 992 1547 parcas.
1015 1485 1100 1530 sive
1132 1496 1171 1530 te
1192 1485 1384 1540 occidas,
1409 1485 1489 1530 siin
1514 1496 1636 1548 parte

269 1556 425 1602 Donati
451 1555 718 1611 remanseris,
734 1555 996 1614 judicamus.
1023 1555 1131 1600 Nam
1152 1555 1203 1600 de
1225 1556 1637 1618 quantalibetinno-

265 1627 405 1673 centia
422 1627 630 1687 glorieris
651 1626 844 1688 teipsum
866 1626 1133 1670 innocentem
1157 1625 1413 1679 occidendo,
1434 1626 1638 1671 innoeen-

264 1716 349 1745 esse
369 1715 453 1743 non
474 1697 656 1760 poteris:
682 1697 760 1740 nisi
776 1695 882 1740 sorte
898 1696 1004 1740 milii
1026 1697 1281 1760 respondeas
1302 1707 1342 1741 et
1360 1696 1499 1741 dicas:
1519 1699 1629 1741 (lum

265 1787 332 1814 me
350 1768 522 1823 occido,
550 1783 635 1811 non
660 1766 929 1810 innocentem
955 1766 1103 1829 utique
1121 1767 1293 1823 occido,
1315 1767 1415 1830 quia
1434 1767 1526 1829 ipsa
1550 1783 1630 1811 vou

265 1839 427 1884 luntate
448 1854 531 1900 qua
555 1853 620 1881 me
638 1835 831 1880 occidere
858 1846 1014 1888 statuo,
1038 1854 1131 1881 rens
1150 1837 1310 1881 essicior
1331 1837 1490 1890 animo,
1511 1836 1630 1899 prius

264 1929 395 1975 quam
427 1925 585 1971 corpus
603 1906 813 1952 occidero.
849 1907 942 1951 Hoc
971 1907 1001 1951 si
1026 1907 1133 1952 dicis
1160 1925 1306 1952 verum
1329 1907 1454 1960 dicis,
1480 1917 1520 1951 et
1544 1907 1629 1951 mi-

265 1984 322 2028 ris
344 1980 484 2027 modis
505 1990 544 2024 te
582 1975 826 2023 accusando
854 1976 1058 2021 defendis.
1102 1979 1212 2021 Cum
1239 1978 1349 2021 enim
1385 1987 1423 2021 te
1445 1976 1629 2022 ostendis

262 2055 307 2101 in
332 2063 370 2097 te
390 2047 627 2096 occidendo
647 2047 765 2110 prins
788 2046 882 2109 ipso
896 2047 1119 2110 proposito
1146 2047 1234 2092 sieri
1253 2056 1493 2097 nocentem,
1523 2063 1630 2109 pro-

265 2126 334 2171 cul
355 2123 492 2169 dubio
518 2120 706 2165 facinore
726 2128 993 2181 perpetrato,
1039 2135 1163 2162 nemo
1205 2128 1244 2163 te
1268 2117 1494 2162 convincet
1511 2116 1627 2179 quod

262 2194 471 2242 occideris
498 2193 782 2236 innocentem.
813 2188 1062 2250 Hacitaqne
1076 2188 1240 2233 ratione
1254 2187 1487 2246 colligitur,
1506 2186 1627 2250 quod

260 2283 359 2312 cum
389 2262 511 2308 multi
531 2262 780 2306 innocentes
805 2259 861 2302 ab
886 2258 975 2303 aliis
999 2258 1270 2311 occidantur,
1293 2276 1313 2302 a
1339 2274 1379 2301 se
1404 2257 1497 2319 ipso
1523 2255 1626 2300 nul—

262 2337 328 2382 lus
351 2337 555 2381 innocens
579 2329 817 2376 occidatur.
851 2330 909 2373 Ea
952 2329 1117 2392 quippe
1157 2328 1415 2387 rogitatione
1438 2344 1521 2389 qua
1546 2343 1624 2371 oc-

261 2407 402 2452 cidere
435 2421 475 2449 se
496 2403 585 2465 ipse
623 2400 823 2455 molitur,
867 2399 1109 2445 innocentia
1146 2399 1265 2460 prius
1303 2397 1558 2460 expoliatur,
1579 2407 1624 2442 ut

308 2487 437 2520 ¹1¹2x0d.
461 2497 553 2521 xxiii,
578 2496 604 2522 7.
