1763 2838
224 127 312 183 134
638 143 676 170 5.
715 141 959 173 Auonsrnu
991 142 1195 174 Emscorr

217 216 354 252 tantae
383 205 661 269 piscationis,
703 210 826 266 cujus
866 205 995 269 plena
1029 208 1135 253 retia
1169 218 1259 254 toto
1298 209 1402 256 orbe
1439 209 1594 256 diffusa

217 286 335 332 sunt,
363 276 438 339 qui
461 276 790 339 piscibusjuxta
816 277 1064 323 natantibus
1096 279 1165 325 vix
1188 280 1280 325 noti
1317 298 1400 326 esse
1430 291 1591 344 potue-

214 358 332 394 runt.
361 348 453 393 Cur
485 357 627 392 antem
659 365 747 393 nou
779 347 1004 394 credamus
1038 349 1167 395 etiam
1204 352 1304 397 istos
1337 352 1590 398 innocentes

215 417 368 471 fuisse3
404 417 579 480 quando
606 435 684 463 nec
708 419 899 464 accusari
929 418 985 464 ab
1018 419 1101 475 eis,
1136 420 1248 466 sicut
1275 421 1406 477 dixit,
1441 432 1590 485 postea

213 498 465 533 meruerunt
484 525 493 543 ‚
527 498 569 533 et
591 488 661 534 ille
685 490 865 552 purgari
889 489 1033 552 potuit
1053 527 1063 545 ,
1088 507 1216 553 quem
1236 494 1417 551 majores
1439 509 1588 539 eorum

214 556 430 602 malorum
447 558 643 604 omnium
661 558 822 606 fontem
841 560 886 605 in
910 559 1086 605 concilii
1103 560 1217 607 illius
1229 561 1403 607 inimica
1420 562 1589 626 conspi-

216 627 384 672 ratione
408 627 640 674 dixerunt?

279 698 488 745 xxxix.
521 699 607 745 Sed
629 699 968 763 qualescumque
993 699 1062 747 isti
1091 700 1289 756 suerunt,
1317 702 1427 765 quid
1453 702 1593 766 perti-

217 779 292 814 net
312 768 365 814 ad
389 773 492 816 nos}>
523 771 674 835 Neque
697 771 811 817 enim
845 788 942 817 vere
968 789 1055 817 non
1088 772 1215 818 nobis
1239 773 1516 829 concedunt,
1546 783 1594 820 ut

215 838 396 884 istorum
421 841 565 885 nescio
593 858 778 903 quorum
803 858 930 886 eausa
957 853 1085 905 atque
1111 860 1292 905 persona
1314 861 1402 889 non
1422 847 1590 907 praeju-

215 908 332 954 dicet
355 926 496 955 causae
521 921 648 974 atque
667 929 862 975 personae
896 913 1101 958 Ecclesiae
1128 914 1384 960 catholicae:
1410 936 1427 956 n
1451 915 1495 960 Si
1516 931 1594 960 nec

216 996 343 1024 causa
366 997 508 1025 causae
532 982 820 1043 praejudicat,
843 1000 921 1027 nee
950 1000 1133 1045 persona
1156 1002 1368 1047 personae.
1390 1006 1410 1026 »
1443 987 1498 1030 Et
1527 995 1593 1032 ta-

216 1066 315 1095 men
337 1050 555 1109 objiciunt
578 1052 726 1108 nobis,
754 1062 804 1098 ut
837 1052 984 1098 adhuc
1008 1070 1083 1098 vos
1109 1054 1344 1109 seducant,
1372 1054 1491 1117 quod
1513 1071 1594 1100 au-

219 1136 319 1165 rum
332 1120 472 1179 judici
496 1120 743 1168 dederimus
759 1159 769 1179 ,
802 1134 853 1167 ut
872 1140 953 1186 pro
977 1123 1104 1169 nobis
1124 1134 1275 1169 contra
1303 1123 1398 1169 illos
1421 1134 1592 1170 senten-

220 1190 325 1236 tiam
346 1191 523 1239 diceret.
552 1193 637 1239 Vos
658 1194 790 1239 dicite
807 1231 819 1250 ,
847 1195 879 1239 si
900 1195 1079 1257 potestis
1095 1232 1105 1250 ,
1137 1206 1349 1258 quantum
1383 1195 1482 1241 dare
1517 1195 1596 1241 de·-

219 1260 443 1308 buerimus
468 1263 611 1310 electis
645 1264 942 1310 defensoribus
970 1265 1186 1327 episeopis
1203 1266 1350 1311 vestris
1370 1303 1381 1322 ‚
1406 1276 1454 1311 ut
1480 1276 1596 1311 tanta

221 1343 372 1378 contra
407 1351 448 1379 se
478 1352 558 1397 pro
581 1335 708 1380 nobis
742 1335 809 1382 vel
841 1335 1035 1381 dicerent
1066 1336 1131 1382 vel
1155 1336 1426 1399 proferrent,
1465 1347 1512 1382 ut
1535 1336 1596 1382 sic

222 1414 395 1462 agerent
414 1422 586 1450 causam
616 1416 806 1451 nostram
828 1444 838 1461 ,
869 1407 929 1451 sic
953 1407 1216 1468 perimerent
1245 1410 1397 1453 suam?
1431 1407 1596 1464 Quanti

218 1490 356 1518 emere
370 1474 619 1531 debuimus,
642 1487 690 1521 ut
715 1488 815 1539 post
832 1477 966 1522 verba
990 1477 1197 1522 Primiani
1216 1478 1379 1540 quibus
1400 1476 1590 1523 dixerat:

217 1564 239 1585 (ι
263 1544 499 1605 Indignum
525 1558 586 1592 est
610 1557 658 1592 ut
680 1548 723 1592 in
744 1564 878 1592 unum
900 1547 1160 1592 conveniant
1190 1547 1267 1591 filii
1289 1558 1526 1610 martyrum
1555 1557 1596 1592 ct

220 1616 446 1677 progenies
468 1616 728 1664 traditorum
744 1654 754 1671 ‚
785 1640 802 1657 υ
823 1617 1020 1662 venirent
1044 1627 1208 1672 tamen,
1232 1627 1273 1661 et
1291 1616 1335 1661 in
1357 1633 1491 1662 unum
1513 1634 1596 1662 110·-

219 1684 408 1742 biscum‚
422 1686 540 1749 quod
553 1686 780 1746 indignum
802 1704 887 1732 esse
908 1686 1102 1731 dixerant
1113 1686 1418 1733 convenirent?
1430 1688 1595 1743 Quansi

219 1772 356 1802 emere
370 1756 625 1813 debuimus,
648 1768 697 1803 ut
715 1775 832 1803 more
845 1756 1078 1803 forensium
1093 1757 1402 1804 advocatorum
1420 1757 1473 1803 de
1491 1769 1597 1804 tem·

217 1826 403 1888 poribus
426 1838 467 1872 et
490 1827 644 1873 diebus
659 1864 669 1881 ‚
705 1827 759 1872 de
782 1828 976 1890 personis
1011 1828 1138 1872 etiam
1164 1828 1291 1873 nobis
1313 1829 1596 1891 praescribere

217 1908 504 1953 conarentur,
538 1908 580 1942 et
612 1898 672 1943 sic
707 1899 911 1944 omnibus
935 1898 1190 1943 hominibus
1211 1935 1222 1954 ,
1254 1899 1383 1944 etiam
1412 1899 1496 1946 illis
1519 1900 1595 1962 qui

214 1978 378 2014 nostras
401 1968 722 2032 disputationes
746 1969 984 2028 intelligere
1008 1985 1095 2013 non
1121 1979 1313 2031 possent,
1336 1970 1435 2014 satis
1451 1981 1596 2032 aperte

212 2048 500 2083 monstrarent
522 2056 654 2102 quani
676 2039 831 2084 malam
860 2055 1035 2084 causam
1067 2038 1279 2084 haberent
1296 2075 1307 2095 ,
1335 2055 1466 2102 quam
1487 2057 1595 2102 pro-

210 2107 319 2154 ferre
332 2119 374 2154 et
398 2126 520 2168 agere
541 2110 601 2155 sie
621 2109 837 2157 timebant
857 2107 976 2171 apud
995 2123 1092 2153 eum
1115 2108 1330 2167 judicem,
1356 2112 1480 2169 cujus
1497 2126 1595 2170 erga

211 2194 252 2223 se
274 2178 586 2238 benignitatem
611 2191 741 2240 atque
760 2179 976 2240 justitiam
1000 2189 1121 2224 tanto
1142 2179 1365 2241 praeconio
1385 2179 1595 2226 laudave-

210 2258 335 2304 rant,
364 2259 405 2294 et
425 2253 548 2309 cujus
573 2261 740 2297 motum
769 2251 997 2297 adversum
1022 2266 1063 2295 se
1084 2250 1255 2295 nullum
1276 2249 1421 2295 adhuc
1450 2267 1593 2295 sense-

208 2322 332 2365 rant?
366 2319 531 2374 Quanti
558 2338 696 2366 emere
715 2320 948 2366 debuimus
965 2357 975 2375 ‚
1010 2329 1058 2366 ut
1085 2319 1168 2383 ipsi
1201 2319 1356 2364 deinde
1380 2320 1593 2379 exigerent

206 2405 294 2433 non
319 2405 467 2433 secum
489 2392 555 2449 agi
576 2390 734 2438 debere
746 2390 986 2436 forensibus
1004 2389 1219 2444 formulis,
1244 2389 1315 2434 sed
1330 2389 1488 2435 divinis
1506 2406 1586 2452 po-

218 2458 301 2504 tius
324 2460 601 2517 testimoniis,
629 2472 669 2506 et
695 2462 748 2507 de
773 2461 1009 2524 Scripturis
1037 2461 1193 2508 sanctis
1220 2460 1416 2508 similiter
1440 2476 1481 2506 se
1502 2477 1595 2507 res-
