1763 2838
243 151 335 207 214
649 165 682 194 S.
727 162 970 193 A13‹:USTIN1
1006 163 1206 194 Eris-cort

239 231 493 277 natistarum
520 228 792 292 temporibus
806 228 1043 274 catholicos
1057 245 1164 294 quos
1182 230 1408 288 occidunt,
1431 231 1484 277 ad
1505 250 1611 298 sup-

237 301 505 365 plementum
535 299 649 345 illius
672 299 840 345 numeri
864 299 1092 363 pertinere.
1121 301 1204 346 Sed
1229 319 1329 348 cum
1359 314 1452 366 post
1478 321 1609 368 apos-

240 370 378 418 tolum
402 372 632 425 Joannem,
651 369 726 433 qui
751 369 896 414 futura
923 368 995 414 illa
1015 371 1286 435 conscripsit,
1314 383 1430 418 tanta
1454 384 1609 435 strages

239 452 482 503 martyrum
522 441 882 486 interficientilms
917 440 1063 504 impiis
1101 458 1409 507 usquequaque
1453 445 1497 489 in
1521 455 1610 491 tam

238 510 386 556 multis
413 510 612 570 gentibus
652 510 765 556 facta
787 511 856 566 sit,
891 510 998 574 quid
1040 510 1123 556 sibi
1153 511 1306 557 volunt
1341 512 1408 558 isti
1434 531 1608 560 suarum

240 580 480 626 animarum
506 591 758 638 extortores,
785 592 823 627 et
850 581 1085 626 alienarum
1112 591 1308 640 tortores,
1339 596 1385 630 ut
1414 585 1532 648 quod
1556 585 1610 631 de

235 651 507 715 martyribus
527 652 683 697 sanctis
708 651 854 712 legunt
881 669 964 698 esse
990 652 1271 716 praedictu1u‚
1306 653 1359 699 de
1379 672 1420 700 56
1442 660 1609 715 jactent

237 738 324 767 esse
337 722 633 786 completum?
654 725 902 788 Praeparate
925 741 997 768 vos
1017 724 1179 787 potius,
1202 735 1249 770 ut
1267 727 1606 787 vestersanguis,

236 809 323 838 non
336 793 393 838 eis
414 795 489 856 qui
514 811 590 840 vos
613 793 679 840 vel
700 794 1068 857 comprehendere
1091 794 1157 839 vel
1186 793 1331 855 sugere
1357 797 1540 860 cupiunt
1561 809 1610 845 ut

236 862 407 918 vivatis,
429 864 564 909 sedin
588 865 712 911 vobis
742 866 888 928 potius
910 865 1169 912 vindicetur.
1205 867 1270 911 An
1293 866 1403 912 sorte
1440 885 1491 912 ne
1522 868 1607 915 hoc

237 933 314 978 fiat
335 933 432 979 ideo
450 951 539 979 non
562 952 660 980 eum
693 935 890 990 funditis,
919 935 988 980 sed
1015 946 1087 981 aut
1116 936 1364 999 praecipitio
1384 937 1604 996 colliditis,

235 1014 310 1049 aut
333 1004 451 1050 unda
470 1005 705 1063 suffocatis,
742 1017 815 1052 aut
845 1007 886 1052 in
911 1006 1095 1051 cinerem
1132 1007 1412 1053 convertitis?
1440 1007 1512 1053 sed
1538 1027 1608 1055 er-

235 1075 354 1131 ratis,
390 1075 688 1122 vindicabitur
724 1078 768 1123 in
788 1078 930 1124 vobis.
966 1094 1244 1141 quocumque
1261 1076 1391 1122 modo
1414 1078 1608 1141 perima-

234 1155 305 1190 tur
325 1164 347 1190 a
363 1147 503 1194 vobis.
532 1151 582 1192 In
615 1147 738 1193 vobis
770 1149 884 1193 enini
908 1147 1220 1193 vindicaretur.
1253 1148 1286 1192 si
1310 1165 1395 1194 non
1418 1149 1608 1196 Ecclesia

232 1216 415 1275 Christi,
436 1218 564 1262 sedin
582 1228 704 1281 parte
724 1219 884 1263 Donati
899 1219 954 1262 ab
973 1218 1062 1262 aliis
1080 1217 1346 1265 funderetur.
1374 1220 1513 1264 lta-ne
1533 1237 1607 1266 vos

232 1285 478 1332 clamabitis
504 1287 557 1333 ad
586 1292 725 1333 Deum
747 1326 757 1344 ,
790 1298 836 1333 ut
859 1287 1051 1333 vindicet
1070 1289 1320 1347 sanguinem
1340 1299 1546 1346 vestrum,
1565 1303 1606 1337 et

230 1356 425 1402 exaudiet
455 1375 548 1414 vos,
579 1360 657 1404 nisi
681 1359 949 1404 damnaverit
976 1376 1075 1404 vos:
1105 1359 1339 1414 Quomodo
1372 1360 1484 1406 enim
1506 1361 1606 1407 vin-

230 1427 415 1484 dicetur,
445 1429 525 1474 nisi
559 1430 634 1492 qui
660 1447 756 1474 eum
782 1446 907 1474 ausus
931 1441 992 1474 est
1018 1429 1235 1474 trucidare
1265 1429 1527 1477 damnetur?
1555 1433 1606 1477 In

227 1497 313 1543 hac
330 1516 428 1559 ergo
447 1517 551 1545 voce
567 1517 652 1545 non
673 1501 769 1545 estis
790 1501 869 1545 nisi
895 1511 1162 1545 accusatores
1180 1500 1300 1555 vesti,
1328 1501 1429 1563 quia
1447 1519 1520 1547 vos
1545 1520 1606 1549 65-

225 1570 276 1615 tis
314 1571 373 1616 rei
398 1571 616 1631 sanguinis
646 1572 789 1619 vestri.
838 1573 925 1616 Nec
966 1574 1078 1617 Deus
1117 1571 1195 1616 nisi
1241 1588 1315 1617 vos
1351 1572 1600 1626 damnabit„

227 1640 403 1706 quando
422 1659 443 1686 a
465 1642 589 1686 vobis
603 1641 669 1686 vel
689 1642 905 1689 collisum.
927 1643 993 1688 vel
1008 1644 1284 1693 suffocatum,
1306 1643 1372 1688 vel
1388 1654 1599 1701 exustum,

225 1710 291 1754 vel
315 1727 594 1774 quocumque
630 1722 759 1774 pacto
799 1712 1086 1765 trucidatum,
1122 1713 1186 1758 vel
1205 1715 1238 1758 si
1264 1713 1347 1758 hoc
1368 1713 1596 1774 elegeritis,

223 1782 405 1827 effusum
441 1783 689 1840 sanguinem
722 1794 911 1828 vestrum
950 1783 1206 1830 vindicabit.

287 1853 474 1898 XXXH.
501 1853 643 1899 Verba
659 1854 889 1917 Epistolae:
914 1876 933 1895 α
956 1857 1022 1900 An
1044 1872 1130 1899 non
1153 1855 1250 1910 ista,
1272 1854 1431 1918 inquit,
1455 1874 1602 1920 perse-

217 1922 335 1968 cutio
357 1933 434 1979 est,
459 1939 560 1986 quae
585 1934 649 1968 tot
686 1924 821 1969 miliia
841 1925 1125 1970 innocentum
1154 1935 1395 1987 martyrum
1419 1929 1601 1975 arctavit

220 1993 275 2038 ad
313 2003 495 2038 mortem
515 1993 565 2038 13)
605 1993 845 2040 Christiani
886 1995 1000 2040 enim
1039 1994 1277 2040 secundum
1319 1997 1602 2057 Evangelium

222 2063 392 2125 Spiritu
411 2064 628 2127 prompti,
656 2061 728 2110 sed
751 2082 880 2110 carne
903 2066 1081 2121 infirmi,
1111 2084 1134 2111 a
1156 2065 1360 2126 sacrilega
1380 2067 1599 2114 containi-

218 2133 393 2179 natione
416 2134 689 2179 caminorum
710 2145 880 2198 reperto
920 2135 1179 2199 compendio
1218 2152 1313 2182 suas
1338 2137 1502 2184 animas
1525 2157 1598 2185 ra—

217 2214 425 2267 puerunt,
442 2204 599 2250 imitati
612 2205 857 2269 presbyteri
876 2206 1022 2251 Raziae
1036 2207 1080 2252 in
1101 2206 1461 2253 Machabaeorum
1474 2208 1597 2256 libris

217 2274 458 2338 exemplum
483 2275 525 2320 ²:
552 2292 629 2321 nec
652 2275 813 2322 frustra
840 2275 1045 2324 timentes,
1076 2275 1281 2342 Quisquis
1306 2279 1419 2324 enim
1448 2279 1492 2325 in
1516 2298 1591 2326 60-

213 2360 313 2390 rum>
331 2362 482 2391 manus
497 2344 713 2403 inciderit,
742 2364 828 2393 non
844 2347 990 2394 evasit.
1024 2348 1107 2394 Sed
1134 2360 1346 2412 quantum
1372 2349 1503 2396 velint
1525 2351 1593 2396 fa-

218 2415 335 2461 ciant
358 2415 476 2479 quod
496 2426 661 2462 certum
682 2429 760 2475 est,
783 2419 863 2464 Dei
887 2437 972 2465 esse
997 2436 1085 2465 non
1108 2430 1289 2484 possunt
1322 2421 1396 2484 qui
1426 2418 1593 2468 faciunt

256 2498 267 2520 ¹
289 2497 414 2532 Matth.
435 2505 595 2539 xxv1,41.
614 2517 659 2525 —
674 2498 689 2523 2
709 2512 726 2532 2
744 2501 850 2534 Mach.
872 2512 938 2542 xiv,
957 2508 1013 2539 41.
