1763 2838
261 191 318 223 DE
356 189 493 223 UNICO
529 168 752 223 BAPTISiuo
789 190 964 222 CONTRA
1000 189 1289 221 PETILIANUM.
1417 177 1477 224 23

99 274 184 323 que
215 275 317 304 cum
344 258 402 303 eis
433 257 478 303 in
508 257 672 304 unitate
696 257 988 303 consistentes.
1031 257 1077 303 Si
1102 274 1201 317 ergo
1236 274 1385 303 verum
1418 269 1479 304 est

101 331 222 394 qu’od
239 331 309 376 isti
334 330 517 387 dicunt,
544 341 585 376 et
614 330 728 376 unde
762 348 933 377 causam
959 346 1048 374 suae
1073 328 1353 392 separationis
1374 347 1479 376 asse-

100 419 214 458 rere,
250 401 318 448 vel
345 418 542 447 excusare
568 413 801 458 conantur,
822 402 868 447 in
899 418 983 446 una
1011 400 1318 446 communione
1343 418 1483 447 sacra-

102 482 346 518 mentorum
372 471 474 517 mali
514 472 738 519 maculant
762 473 923 525 bonos„
960 483 1003 517 et
1032 471 1129 516 ideo
1158 471 1376 534 corporali
1400 471 1486 518 dis-

96 544 326 603 junctione
363 561 385 588 a
419 543 634 589 malorum
669 543 928 603 contagione
970 541 1263 587 recedendum
1301 553 1390 599 est,
1428 559 1482 588 ne

103 631 249 659 omnes
275 614 439 677 pariter
471 626 652 679 pereant
675 633 685 660 :
709 618 799 674 jam
824 625 932 659 tunc
959 612 1176 676 Stephani
1201 622 1242 658 et
1272 613 1484 676 Cypriani

102 685 372 748 temporibus
396 686 574 749 periisse
601 685 833 731 Ecclesiam
861 683 1162 731 confitendum
1190 694 1277 740 est,
1300 701 1379 729 nec
1406 684 1483 729 ali·-

103 774 233 820 quam
258 757 440 820 posteris
465 757 741 809 derelictam,
777 758 855 815 ubi
897 759 1089 802 Donatus
1122 756 1214 819 ipse
1239 755 1490 818 spiritaliter

105 839 365 873 nasceretur.
386 827 517 883 Quod
537 827 569 872 si
588 828 731 874 dicere
744 828 956 873 nefarium
974 827 1178 887 judicant
1196 864 1206 883 ‚
1225 828 1327 890 quia
1346 844 1491 873 revera

104 897 317 943 nefarium
358 909 446 951 est3
484 900 594 945 sicut
625 900 780 945 mansit
809 900 999 945 Ecclesia
1028 917 1075 944 ex
1111 898 1194 944 illis
1216 899 1490 961 temporibus

106 986 240 1032 usquc
263 969 317 1015 ad
338 980 532 1032 tempora
561 971 783 1016 Caeciliani
809 983 849 1016 et
869 970 1073 1030 Majorini
1089 971 1175 1015 sive
1196 969 1355 1014 Donati
1373 1006 1383 1025 ,
1411 987 1490 1015 ncc

105 1056 199 1084 eam
226 1040 486 1086 maculando
524 1041 705 1103 perdere
740 1052 974 1104 potueruut
1016 1039 1283 1102 quicumque
1322 1039 1365 1083 in
1398 1056 1493 1085 eam

107 1110 347 1155 secundum
372 1111 488 1174 ipsos
506 1112 594 1156 sinc
615 1112 835 1174 baptismo
860 1111 1033 1157 admissi
1056 1122 1179 1157 sunt.
1206 1110 1324 1172 pleni
1346 1111 1492 1156 omni-

109 1182 192 1226 bus
213 1182 406 1244 peccatis
433 1193 473 1227 et
492 1183 749 1227 criminibus
771 1183 856 1227 suis
876 1220 886 1238 ‚
914 1199 993 1227 nec
1021 1181 1109 1227 ulla
1127 1181 1240 1226 sacta
1260 1191 1321 1225 cst
1345 1199 1367 1226 a
1395 1182 1489 1244 Cy-

106 1251 283 1315 priano‚
319 1263 360 1296 et
395 1252 452 1297 eis
482 1253 556 1316 qui
596 1254 756 1315 pariter
794 1253 847 1298 de
886 1253 1109 1316 baptismo
1141 1252 1397 1315 sapiebant,
1435 1253 1491 1298 ab

107 1322 282 1368 illorum
316 1325 623 1369 communione
650 1324 832 1378 divisim
869 1323 1074 1387 quoniam
1110 1341 1197 1369 non
1234 1341 1275 1368 se
1303 1324 1493 1369 arbitra-

105 1394 267 1439 bantur
286 1394 328 1439 in
344 1394 509 1440 unitate,
525 1405 565 1439 ct
583 1395 891 1440 communione
906 1405 1274 1439 sacramentorum
1298 1395 1487 1450 Christi,

106 1465 253 1510 alienis
268 1464 387 1510 malis
409 1483 531 1529 posse
552 1466 761 1511 maculari
781 1484 790 1511 :
813 1466 873 1511 sic
894 1466 1038 1528 potuit
1053 1475 1093 1509 et
1112 1464 1317 1528 deinceps
1340 1464 1487 1510 Eccle-

106 1536 165 1581 sia
189 1553 460 1600 permanere,
483 1554 615 1600 quam
643 1547 754 1593 toto,
779 1539 890 1583 sicut
922 1537 975 1581 do
995 1536 1066 1581 illa
1105 1535 1370 1598 praedictum
1395 1546 1457 1582 est
1475 1573 1486 1591 ‚

110 1617 319 1652 terrarum
338 1607 443 1651 orbe
461 1618 723 1652 crescentem
744 1607 866 1652 nullo
890 1607 1021 1652 modo
1048 1617 1250 1670 poterant
1274 1624 1491 1669 quorum-

108 1678 216 1723 libet
237 1677 495 1723 traditorum
522 1694 570 1722 ac
594 1678 938 1723 {acinorosorum
968 1678 1102 1722 aliena
1124 1678 1308 1722 crimina
1335 1694 1490 1723 macu-

106 1748 218 1801 lare3
245 1749 412 1794 sicutin
435 1765 518 1794 una
542 1766 637 1794 area
657 1766 792 1813 usque
818 1749 869 1795 ad
895 1760 1064 1812 tempus
1084 1749 1376 1794 ventilationis
1398 1767 1492 1794 ma-

107 1819 243 1866 culari
273 1820 406 1884 paleis
423 1819 640 1866 frumenta
665 1839 749 1866 non
775 1832 979 1885 possunt.
1009 1821 1121 1866 sicut
1141 1821 1254 1866 intra
1278 1837 1362 1866 una
1383 1821 1489 1867 retia

109 1914 243 1961 usquc
267 1897 319 1943 ad
341 1909 510 1961 tempus
530 1897 686 1944 littoris
706 1899 808 1944 mali
836 1900 974 1963 pisces
991 1899 1130 1944 bonos
1149 1898 1276 1943 simul
1294 1898 1486 1944 natando

108 1985 196 2014 non
219 1968 426 2032 perdunt.

173 2039 332 2087 XXIV.
377 2039 507 2084 Nulla
542 2040 674 2099 igitur
707 2040 817 2085 ratio
858 2040 967 2086 suit.
1003 2040 1073 2085 sed
1106 2041 1316 2086 maximus
1350 2041 1487 2097 furor,

111 2127 198 2175 quo
230 2111 301 2156 isti
322 2111 449 2173 *velut
484 2112 701 2158 malorum
728 2113 1080 2157 communionem
1109 2122 1307 2157 caventes
1327 2149 1337 2168 ‚
1373 2130 1414 2157 sc
1440 2111 1493 2157 ab

111 2182 278 2226 unitate
317 2182 482 2226 Christi
511 2200 612 2245 quae
650 2193 741 2227 toto
776 2183 882 2228 orbe
906 2182 1185 2238 dill'unditurff
1218 2193 1490 2246 separarunt.

112 2252 204 2298 Nisi
228 2252 371 2298 fortca
391 2253 648 2298 criminibus
673 2253 854 2298 crimina
884 2253 1075 2298 mirabili
1100 2265 1190 2298 arte
1209 2253 1493 2309 discernunt,

113 2341 200 2369 non
220 2323 274 2369 de
299 2323 561 2386 Scripturis‚
580 2324 651 2369 sed
668 2325 720 2369 dc
748 2324 954 2370 cordibus
969 2325 1053 2370 suis
1076 2324 1406 2370 distinctionum
1428 2342 1499 2371 re⁴

116 2394 236 2454 gulas
261 2394 526 2458 proferentes
544 2432 554 2451 ,
577 2405 706 2458 atque
731 2395 947 2444 dicentes.
968 2396 1011 2440 in
1034 2396 1196 2441 unitate
1220 2395 1500 2440 communio-

118 2466 184 2518 nis
198 2476 568 2512 sacramentorum
584 2466 665 2512 alia
681 2460 863 2513 crimina
879 2468 1013 2512 aliena
1027 2468 1115 2512 sine
1132 2466 1501 2511 contaminatione

116 2536 319 2594 tolerari,
338 2536 578 2584 traditionis
592 2549 734 2585 autem
747 2538 924 2584 crimine·
939 2555 1085 2583 omnes
1099 2575 1108 2585 .
1129 2536 1203 2599 qui
1224 2553 1323 2581 cum
1341 2536 1501 2589 talibus
