1763 2838
288 219 375 266 130
690 232 723 261 s,
768 223 1010 261 At’GUSTINI
1045 232 1246 262 EPISCOPI

286 299 389 346 tbiis
405 297 532 344 etiam
549 292 656 342 illud
682 294 846 341 (lictum
873 306 934 340 est
954 313 964 340 ι
989 316 1009 337 α
1027 293 1112 352 Qui
1133 295 1369 343 manducat
1389 307 1429 343 et
1443 297 1559 343 bibit
1581 292 1648 345 in-

285 394 306 414 »
328 368 455 429 digne
472 405 482 423 ‚
503 366 721 427 judicium
741 366 823 411 sibi
845 365 1080 411 manducat
1102 377 1142 411 et
1165 366 1323 413 hihit1.
1350 389 1370 408 n
1395 363 1513 424 Quid
1534 369 1647 414 enim

285 439 404 487 aliud
434 435 665 500 Apostolus
699 435 779 481 nisi
810 435 911 480 istos
955 434 1207 498 vaniloquos
1236 436 1486 496 cogitabat,
1524 449 1571 483 ut
1613 431 1650 484 ei

281 529 370 558 non
398 508 610 554 sufficeret
629 504 793 562 dicere,
819 505 1036 565 judicium
1073 505 1306 550 manducat
1336 517 1375 551 et
1400 504 1542 563 bibit,
1570 503 1650 553 nisi

283 579 482 634 adderet,
506 576 588 623 sibi
614 594 625 621 :
650 592 701 621 ne
724 575 809 620 hoc
824 575 950 619 etiam
966 573 1018 620 ad
1033 574 1127 620 illos
1146 576 1380 638 pertineret
1395 613 1405 632 ‚
1430 577 1506 640 qui
1527 578 1649 641 pari-

281 658 346 697 ter
367 637 543 712 quiilem
560 684 571 703 ‚
601 645 673 691 sed
695 663 780 691 non
797 645 1014 705 judicium
1037 643 1390 692 manducabant?

345 717 549 766 XXXIV.
592 716 642 761 In
669 716 771 778 ipsis
805 716 932 760 etiam
969 715 1207 760 Corinthiis
1225 715 1287 761 ibi
1318 727 1439 762 erant
1466 717 1650 780 quinon

282 789 519 838 credebant
557 786 911 832 resurrectionem
950 796 1219 830 mortuorum
1238 823 1249 841 ,
1290 803 1390 849 quae
1426 787 1652 846 singularis

283 861 390 906 sides
420 869 479 904 est
515 857 893 909 Christianorum3
930 855 1046 919 quod
1076 858 1133 900 eis
1164 856 1222 901 ita
1255 856 1360 901 dicit
1388 857 1647 920 Apostolus:

281 952 301 973 «
327 930 372 975 Si
396 939 538 975 autem
565 926 766 971 Christus
796 925 1062 989 praedicatur
1084 926 1203 990 quod
1233 928 1457 973 resurrexit
1483 946 1505 973 a
1530 945 1652 973 mor-

283 1023 304 1044 »
328 1001 438 1056 tuis,
464 996 685 1063 quomodo
722 996 874 1042 dicunt
913 996 1089 1058 quidam
1132 997 1175 1041 in
1206 997 1354 1054 vobis,
1387 998 1487 1060 quia
1513 1015 1654 1043 resur-

282 1094 303 1114 »
325 1071 459 1117 rectio
484 1079 755 1114 mortuorum
782 1084 868 1111 non
894 1067 1015 1111 cst2‘>
1039 1089 1056 1107 υ
1083 1068 1177 1110 Non
1200 1066 1305 1111 (lixit
1324 1105 1333 1117 ,
1355 1068 1399 1112 in
1418 1067 1501 1113 hac
1518 1079 1651 1123 terra,

280 1142 347 1189 vel
379 1142 425 1187 in
450 1141 535 1185 hoc
567 1137 730 1183 mundo
760 1155 769 1182 ι
800 1136 896 1191 scd,
924 1137 966 1181 in
991 1136 1137 1191 robis,
1169 1136 1325 1199 inquit.
1365 1138 1513 1201 Neque
1542 1138 1654 1183 enim

280 1220 423 1276 posset
448 1211 501 1255 de
516 1209 680 1254 Christi
705 1208 1015 1253 resurrectione
1040 1208 1346 1270 [irtescritmrffi
1372 1208 1554 1268 nisijam
1577 1208 1657 1253 uti-

282 1300 365 1347 que
379 1279 638 1327 Christianis
652 1316 662 1334 ‚
681 1278 842 1341 quibus
854 1278 906 1322 de
920 1279 1011 1340 ipsa
1029 1278 1335 1322 resurrectione
1345 1278 1507 1323 Christi
1523 1278 1653 1323 dicit:

283 1375 304 1396 «
323 1354 394 1399 Sic
416 1350 709 1416 praedicamus
724 1387 734 1405 ,
765 1360 806 1395 et
826 1350 885 1394 sic
910 1347 1164 1395 credidistis.
1191 1371 1209 1389 υ
1232 1349 1359 1394 Nunc
1389 1349 1659 1394 attendamus

283 1424 416 1472 Verba
436 1422 508 1468 illa
529 1457 540 1477 ,
574 1420 735 1483 quibus
760 1419 1091 1464 Corinthiorum
1124 1419 1360 1464 Ecclesiam
1384 1419 1428 1464 in
1453 1419 1659 1482 Epistolae

282 1492 504 1559 principio
543 1491 602 1535 sic
641 1489 814 1545 laudat,
847 1500 894 1534 ut
930 1489 1078 1535 dicat:
1105 1489 1312 1534 «Gratias
1342 1507 1419 1549 ago
1444 1490 1534 1535 Deo
1564 1506 1659 1535 meo

283 1587 305 1607 »
328 1581 495 1627 semper
518 1578 599 1625 pro
626 1560 747 1606 vobis
764 1598 774 1615 ,
800 1560 843 1605 in
871 1560 1003 1619 gratia
1033 1560 1110 1604 Dei
1140 1577 1238 1622 quse
1262 1559 1363 1604 (lata
1386 1570 1447 1606 est
1469 1559 1592 1605 vobis
1615 1561 1660 1604 in

286 1657 308 1678 >³
335 1635 511 1680 Christo
533 1633 633 1676 Jesu
653 1667 662 1685 ‚
688 1629 843 1693 quiain
864 1631 1068 1674 omnibns
1092 1629 1244 1674 divites
1268 1629 1369 1674 ‚theti
1388 1629 1539 1673 estisin
1559 1627 1656 1682 illo,

288 1728 309 1748 ›>
333 1705 378 1751 in
403 1702 521 1748 omni
547 1700 680 1747 verbo
714 1711 755 1745 et
784 1700 827 1744 in
861 1700 978 1744 omni
1006 1699 1207 1754 scientia,
1238 1699 1345 1743 sicut
1375 1699 1661 1744 testimonium

286 1797 308 1818 ))
330 1773 495 1821 Christi
520 1772 826 1817 confirmatum
847 1781 905 1815 est
930 1770 974 1814 in
992 1769 1117 1816 vobis
1133 1807 1142 1825 ‚
1164 1772 1222 1814 ita
1244 1779 1291 1814 ut
1313 1769 1425 1814 nihil
1444 1769 1568 1816 vobis
1585 1767 1663 1814 de-

290 1870 311 1891 »
336 1848 390 1892 sit
412 1846 457 1891 in
482 1843 568 1889 ulla
602 1842 780 1901 grafia?
808 1863 827 1883 »
850 1842 963 1887 Ecce
990 1842 1022 1886 si
1046 1853 1164 1886 erant
1198 1841 1322 1886 ditati
1348 1841 1392 1886 in
1418 1841 1593 1886 Christo
1618 1840 1663 1885 in

287 1916 406 1964 omni
428 1914 563 1961 verbo
579 1923 618 1957 et
636 1913 679 1957 in
706 1912 822 1956 omni
844 1911 1019 1956 scientia
1037 1949 1046 1965 ‚
1066 1912 1124 1955 ita
1141 1912 1199 1955 eis
1218 1912 1325 1956 nihil
1351 1911 1494 1957 deerat
1512 1911 1555 1956 in
1577 1909 1663 1955 ulla

289 1987 450 2049 gratia,
487 1994 535 2028 ut
562 1983 605 2027 in
634 1981 716 2027 illis
743 1992 880 2027 essent
904 1982 979 2044 qui
1018 1981 1366 2026 resurrectionem
1395 1991 1663 2026 mortuorum

290 2058 437 2104 adhuc
457 2070 591 2116 usque
611 2070 696 2097 non
713 2051 948 2098 crederent.
974 2054 1084 2096 Puto
1109 2061 1251 2096 autem
1272 2052 1389 2114 quod
1409 2051 1474 2096 isti
1504 2051 1665 2113 quibus

290 2126 404 2175 nihil
422 2125 566 2171 deerat
592 2123 635 2167 in
652 2123 738 2167 nlla
757 2123 919 2181 gratia,
942 2140 1026 2167 non
1059 2121 1281 2166 ducebant
1303 2126 1457 2182 jugum
1483 2138 1581 2165 cum
1607 2119 1665 2164 eis

291 2198 369 2262 qui
384 2203 698 2241 resurrecturos
723 2204 915 2237 mortuos
936 2210 1022 2237 non
1044 2191 1294 2238 credebant.
1323 2193 1434 2237 Eece
1445 2188 1665 2254 quomodo

290 2285 380 2314 non
403 2265 573 2311 ducunt
595 2266 748 2321 jugum
774 2279 872 2306 eum
899 2261 1151 2306 infidelibus
1167 2298 1177 2316 ,
1207 2263 1404 2325 quamvis
1419 2259 1555 2305 eidem
1580 2276 1665 2323 po—

292 2337 398 2403 pulo
417 2333 694 2388 misceantur,
713 2342 753 2376 et
781 2332 861 2376 sub
879 2331 1038 2377 eisdem
1060 2331 1359 2377 sacerdotibus
1377 2369 1387 2388 ,
1415 2330 1571 2376 eisdem
1595 2347 1665 2375 sa-

296 2405 526 2455 cramentis
545 2403 813 2450 imbuantur.

355 2475 533 2526 XXXV.
583 2474 773 2536 Denique
802 2474 891 2535 ipse
926 2472 1189 2535 Apostolus,
1222 2491 1273 2518 ne
1293 2473 1398 2519 huic
1424 2471 1667 2519 infidelitati

344 2564 355 2586 ¹
376 2574 388 2594 1
410 2563 485 2594 Cor.
504 2569 553 2600 M,
571 2556 780 2598 29.-‘-'1d.
801 2568 854 2597 Μ,
873 2567 924 2592 12.
945 2573 989 2580 —
1011 2554 1132 2599 31d.1‚
1154 2557 1224 2597 3-7.
