1763 2838
278 150 372 196 216
698 164 734 192 s.
778 162 1020 193 Aecusrim
1054 162 1259 193 mnscom

472 211 489 226 f

274 230 444 293 loquor.
475 228 584 285 Quis
599 228 712 273 enim
730 227 866 272 nescit
884 227 969 273 hoc
992 245 1123 288 genus
1140 228 1367 274 hominum
1391 229 1435 274 in
1456 230 1644 276 horren-

275 300 342 346 dis
358 299 625 345 facinoribus
648 298 909 361 inquietum,
939 298 994 343 ab
1014 298 1193 344 utilibus
1217 299 1424 362 operibus
1445 301 1645 358 otiosum,

274 369 620 416 crudelissimum
643 368 688 413 in
715 368 928 413 mortibus
970 368 1132 424 alienis,
1169 369 1423 415 vilissimum
1454 371 1499 416 in
1530 371 1643 423 suis,

273 440 457 486 maxime
479 440 524 484 in
543 439 651 498 agris
674 439 893 494 territans,
929 438 984 483 ab
1011 439 1121 498 agris
1141 455 1300 485 vacans
1318 476 1329 495 ‚
1356 451 1398 486 et
1417 442 1557 487 victus
1582 441 1648 487 sui

274 527 402 556 causa
426 509 553 565 cellas
567 509 824 556 circumiens
848 509 1102 565 rusticanas,
1133 509 1248 554 unde
1262 511 1648 557 etCircumcellio-

271 598 379 626 num
398 597 556 626 nomen
575 580 760 643 accepit,
783 579 981 624 universo
997 578 1161 624 mundo
1181 596 1292 642 pene
1318 579 1648 627 famosissimum

274 650 472 698 Africani
498 651 652 697 erroris
675 650 996 713 opprobrium?

339 722 551 768 XXXIII.
586 722 644 766 Ex
659 721 745 766 hoc
760 720 891 780 igitur
907 737 1057 780 genere
1073 720 1170 782 quis
1190 719 1362 780 ignorat
1377 738 1508 784 quam
1524 719 1651 767 multi

277 804 398 839 antea
415 810 493 856 per
506 792 691 838 diversas
705 802 862 837 mortes
877 792 1001 836 ibant
1020 802 1061 836 et
1076 791 1279 854 peribant
1299 802 1345 837 et
1360 809 1476 837 nunc
1501 791 1651 837 inillo·

273 881 373 910 ium
390 863 714 942 comparatione
732 879 806 926 qut
797 880 865 907 arn
882 863 1012 925 pauci
1037 863 1176 922 suisig
1166 863 1312 908 nibus
1333 862 1536 908 ardeant.
1527 865 1544 893 Ἴ
1567 861 1651 908 Sed

273 936 307 981 si
333 945 461 1011 putas
499 935 662 979 moveri
684 950 761 978 nos
799 943 1016 1010 oportere,
1045 934 1146 996 quia
1164 934 1244 979 isto
1273 933 1404 979 modo
1429 944 1493 978 tot
1514 932 1651 979 millia

271 1004 542 1057 moriuntur3
563 1013 776 1066 quantum
794 1003 1005 1048 existimas
1030 1020 1106 1048 nos
1125 1003 1286 1049 habere
1323 1003 1648 1058 consolationis,

274 1074 395 1138 quod
414 1092 436 1120 a
457 1085 573 1120 tanta
596 1074 813 1119 dementia
837 1073 973 1136 partis
1007 1074 1186 1129 Donati,
1211 1074 1287 1119 ubi
1306 1091 1393 1120 non
1412 1073 1551 1119 solum
1574 1090 1653 1118 ne-

272 1145 396 1190 sariae
412 1144 635 1192 divisionis
664 1161 800 1200 error,
822 1144 1106 1189 verumetiam
1123 1142 1335 1189 furoriste
1352 1143 1414 1189 lex
1441 1144 1551 1189 facta
1571 1154 1649 1198 est,

272 1215 399 1275 longe
433 1226 562 1279 atque
598 1215 1004 1278 incomparabiliter
1042 1214 1169 1277 plura
1209 1215 1343 1260 millia
1374 1214 1650 1260 liberantur?

277 1287 426 1350 Neque
449 1287 562 1331 enim
587 1285 657 1331 isti
698 1286 773 1348 qui
807 1295 1017 1348 pereunt,
1061 1285 1234 1330 illorum
1280 1285 1428 1330 saltem
1475 1301 1653 1330 numero

277 1368 526 1420 aequantur,
548 1357 691 1420 quiex
714 1357 809 1418 ipso
840 1373 992 1416 genere
1019 1373 1137 1401 nunc
1162 1360 1253 1416 jam
1277 1367 1474 1401 tenentur
1505 1354 1655 1401 ordine

281 1428 547 1492 disciplinae,
578 1426 858 1490 colendisque
876 1427 986 1486 agris
1008 1426 1162 1472 amisso
1183 1426 1596 1472 Circumcellionum
1614 1436 1657 1472 et

279 1517 409 1563 opere
441 1510 483 1544 et
512 1499 688 1544 nomine
724 1498 986 1554 inserviunt,
1015 1508 1187 1543 servant
1216 1497 1483 1553 castitatem,
1513 1507 1657 1543 tenent

277 1570 485 1616 unitatem
507 1587 518 1614 :
541 1580 706 1633 quanto
729 1569 873 1614 minus
896 1580 1184 1632 coaequantur
1204 1569 1274 1614 isti
1290 1568 1451 1632 perditi
1475 1584 1656 1613 numero

279 1641 504 1703 utriusque
521 1656 658 1694 sexus,
688 1655 777 1684 non
804 1638 941 1684 solum
960 1655 1193 1702 puerorum
1224 1650 1265 1684 et
1290 1638 1553 1701 puellarum,
1579 1641 1658 1697 J'u-

278 1728 438 1758 venum
454 1721 496 1756 et
512 1710 750 1770 virginum,
768 1711 1049 1756 verumetiam
1071 1714 1406 1770 conjugatorum
1420 1720 1462 1755 et
1485 1726 1653 1765 senum,

280 1799 471 1846 quorum
511 1781 849 1827 innumerabiles
873 1798 918 1826 ex
944 1782 1271 1826 Donatistarum
1291 1780 1451 1826 nefaria
1490 1779 1657 1826 dissen-

279 1853 414 1909 sione,
442 1854 486 1898 in
509 1869 662 1915 pacem
695 1851 861 1897 Christi
885 1868 1029 1897 veram
1053 1862 1095 1896 et
1117 1851 1379 1897 catholicam
1416 1861 1650 1898 transeunt.

281 1925 358 1970 Isti
381 1923 548 1988 quippe
573 1923 648 1986 qui
673 1940 714 1968 se
728 1921 987 1978 incendunt,
1025 1938 1104 1967 nec
1130 1932 1193 1967 tot
1210 1922 1408 1967 homines
1431 1932 1531 1967 sunt
1550 1930 1660 1984 quot

278 1994 377 2040 loca
395 2004 496 2040 sunt
514 1993 691 2056 populis
709 1993 854 2055 plena,
875 2009 975 2055 quae
1001 1993 1056 2037 ab
1073 1992 1230 2037 exitiali
1247 2003 1365 2055 peste
1377 1992 1530 2038 erroris
1544 1991 1659 2037 illius

277 2064 506 2120 etfuroris‚
521 2081 600 2127 per
616 2063 731 2109 hanc
745 2063 995 2108 instantiam
1010 2063 1288 2126 perficiendae
1304 2063 1482 2108 unitatis
1493 2078 1658 2108 eruun-

280 2146 366 2182 tur.
408 2133 745 2198 Numquidnam
781 2133 960 2179 obsecro
987 2150 1140 2179 sanum
1171 2132 1478 2179 misericordiae
1519 2142 1660 2195 potest

280 2224 367 2253 esse
389 2205 643 2260 concilium,
677 2215 726 2250 ut
749 2205 877 2251 simul
897 2222 999 2250 cum
1023 2205 1107 2250 illis
1129 2204 1199 2250 isti
1223 2221 1370 2250 omnes
1393 2204 1565 2250 aeternis
1584 2220 1660 2263 ge-

278 2277 523 2323 hennarum
542 2274 772 2339 suppliciis
790 2285 1031 2330 serventur,
1059 2291 1112 2319 ne
1128 2274 1193 2319 illi
1217 2274 1261 2320 in
1283 2274 1464 2319 istorum
1483 2290 1659 2336 compa·

276 2347 442 2393 ratione
470 2345 680 2409 perpauci
700 2362 878 2391 suorum
905 2344 1175 2391 caminorum
1203 2344 1378 2404 ignibus
1399 2346 1657 2388 exurantur?

279 2419 338 2463 Ut
358 2416 472 2463 enim
496 2432 642 2461 omnes
665 2433 767 2461 cum
804 2416 980 2461 Christo
1005 2416 1154 2462 vivant
1171 2414 1336 2474 magnis
1372 2413 1601 2459 conatibus
1618 2423 1661 2458 et

278 2487 389 2535 votis
407 2485 622 2548 agendum
650 2497 712 2533 est
737 2503 749 2532 z
775 2486 847 2534 sed
869 2486 902 2534 si
923 2487 1009 2533 hoc
1046 2503 1124 2550 per
1149 2483 1443 2550 quorumdam
1466 2483 1657 2532 furorem
