1763 2838
263 113 358 168 314
686 130 721 158 ε.
765 128 1007 159 AUGUSTINI
1043 128 1246 159 EPISCOPI

265 213 284 232 »
310 208 380 235 ero
402 190 627 236 nominum
648 190 824 236 illorum
844 208 921 254 per
945 191 1061 237 labia
1082 209 1176 237 mea
1195 209 1206 236 :
1229 213 1248 233 ›>
1274 202 1482 256 tanquam
1506 192 1640 239 inno-

262 272 477 307 vatorum.
508 263 619 307 Nam
644 262 819 307 nomina
855 279 1004 307 eorum
1036 274 1156 307 erant
1178 263 1300 325 prius
1316 300 1326 318 ‚
1364 263 1442 308 filii
1467 264 1609 309 carnis
1626 300 1637 320 ‚

264 329 344 375 filii
364 329 534 386 saeculi‚
563 330 640 375 filii
655 331 755 387 irae,
777 331 856 376 filii
879 331 1071 387 diaboli,
1095 332 1334 389 immundi,
1361 343 1607 395 peccatores
1627 368 1637 387 ‚

262 400 389 464 impii
415 418 424 444 :
453 410 602 463 postea
634 418 734 446 vero
754 438 764 457 ‚
792 402 871 447 filii
905 402 1009 457 Dei,
1036 402 1207 448 homini
1236 419 1349 448 novo
1374 420 1531 448 nomen
1559 419 1642 447 no-

266 485 392 526 vum,
409 470 628 515 canticum
645 488 805 516 novum
823 471 1040 527 cantanti,
1052 488 1213 517 novum
1224 488 1302 534 per
1317 472 1641 517 Testamentum

265 541 453 586 Novum.
481 543 575 586 [Non
595 541 679 586 sint
694 542 851 601 ingrati
870 542 1067 586 liomines
1089 543 1238 601 gratiae
1253 543 1356 597 Dei,
1379 541 1525 604 pusilli
1541 558 1641 587 cum

265 609 429 669 magnis
443 648 452 665 ‚
472 629 493 656 a
510 611 673 657 minore
695 628 829 675 usque
849 612 903 657 ad
924 615 1145 671 majorem.
1173 612 1324 657 Totius
1345 612 1549 657 Ecclesiae
1563 628 1642 657 vox

265 690 326 725 est
350 699 360 724 ε
388 701 408 721 ι(
432 681 582 728 Erravi
607 683 717 728 sicut
736 683 826 728 ovis
844 683 1012 746 perdita
1028 682 1058 729 ¹.
1078 704 1096 724 »
1117 682 1639 728 Omniummembrorum

268 749 435 795 Christi
459 768 537 796 vox
558 763 619 796 est
647 770 657 796 ι
688 776 704 791 α
726 753 889 797 Omnes
910 764 957 797 ut
978 770 1075 797 oves
1099 753 1365 808 erravimus,
1390 762 1430 796 et
1446 752 1537 814 ipse
1553 762 1642 796 tra-

268 840 287 858 »
312 818 428 864 ditus
454 830 514 864 est
538 838 618 882 pro
645 824 835 884 peccatis
857 822 1057 868 nostrisfl.
1084 844 1102 863 ›>
1130 823 1218 878 Qui
1250 832 1363 866 totus
1395 821 1644 883 prophetiae

265 888 386 933 locus
406 889 524 952 apud
555 892 708 936 lsa'iam
727 902 812 947 est,
837 908 925 953 quo
943 909 1020 954 per
1040 892 1299 954 Philippum
1322 891 1404 936 sibi
1427 891 1615 952 exposito
1629 926 1639 944 ‚

269 958 405 1020 spado
433 959 503 1005 ille
532 961 749 1007 Candacis
773 963 932 1021 reginae
956 963 999 1007 in
1021 979 1120 1007 eum
1145 961 1371 1007 crediditss.
1399 960 1506 1006 Vide
1530 977 1643 1021 quo-

267 1028 344 1073 ties
366 1029 451 1075 hoc
470 1031 614 1092 ipsum
640 1032 942 1087 commendet,
976 1042 1016 1077 et
1045 1042 1249 1094 tanquam
1279 1030 1477 1093 superbis
1501 1030 1644 1075 nescio

269 1098 451 1159 qtiibuS‚
477 1101 543 1146 Vel
582 1102 861 1148 contentiosis
898 1102 1134 1147 identidem
1174 1101 1363 1146 inculcet
1388 1118 1398 1145 z
1427 1121 1445 1140 <‹
1470 1101 1640 1154 HomO‚

269 1189 288 1208 ›>
310 1169 476 1231 inquit,
505 1171 549 1215 in
570 1171 695 1233 plaga
716 1209 726 1228 ,
749 1173 882 1235 etqui
901 1173 1007 1218 sciat
1026 1173 1133 1217 ferre
1146 1171 1444 1227 infirmitates,
1464 1179 1645 1233 propter

273 1261 290 1278 υ
316 1238 436 1301 quod
460 1251 501 1284 et
521 1242 675 1286 avertit
695 1260 737 1286 se
761 1241 889 1287 facies
911 1246 1025 1301 ejus,
1058 1241 1259 1301 inJ'uriata
1284 1251 1346 1285 est
1361 1277 1371 1296 ‚
1404 1256 1483 1285 nec
1502 1238 1645 1298 magni

271 1330 290 1349 >›
315 1310 525 1356 aestimata
563 1323 638 1358 est.
682 1314 765 1358 Hic
803 1313 1075 1358 infirmitates
1101 1323 1267 1356 nostras
1293 1321 1467 1373 portat,
1497 1320 1537 1355 θῖ
1562 1326 1644 1371 pro

270 1401 290 1419 υ
315 1381 440 1425 nobis
471 1382 517 1426 in
553 1382 779 1429 doloribus
811 1394 898 1439 est,
928 1395 969 1428 et
989 1401 1065 1428 nos
1089 1382 1422 1428 existimavimus
1444 1380 1567 1426 illum
1600 1380 1644 1425 in

271 1471 289 1490 >2
316 1449 540 1496 doloribus
564 1470 651 1498 esse
669 1490 679 1508 ‚
704 1464 745 1498 et
767 1454 812 1498 in
838 1453 986 1517 plaga,
1023 1464 1064 1498 et
1103 1453 1148 1498 in
1182 1468 1314 1514 poena
1338 1469 1348 1495 ε
1375 1451 1466 1513 ipse
1500 1460 1644 1495 autem

270 1541 288 1561 >2
314 1520 563 1566 vulneratus
583 1534 644 1567 θεῖ
682 1534 863 1587 propter
895 1534 1073 1587 peccata
1111 1533 1256 1568 nostra
1275 1559 1284 1575 ‚
1312 1522 1556 1567 infirmatus
1584 1530 1645 1565 est

274 1613 292 1632 »
318 1603 499 1655 propter
516 1593 764 1656 iniquitates
781 1606 964 1640 nostras.
991 1594 1192 1639 Eruditio
1210 1593 1331 1655 pacis
1348 1602 1505 1637 nostrae
1518 1606 1646 1653 super

269 1683 289 1701 »
313 1678 410 1706 eum
434 1699 444 1718 ‚
474 1663 518 1708 in
545 1663 680 1709 livore
701 1669 792 1724 ejus
808 1666 943 1711 sanati
966 1681 1128 1710 sumus,
1156 1663 1318 1708 Omnes
1342 1673 1390 1707 ut
1408 1679 1506 1708 oves
1525 1677 1645 1706 erra-

270 1754 289 1772 »
317 1732 458 1778 vimus
476 1771 487 1789 ,
514 1745 555 1778 et
576 1736 789 1780 Dominus
812 1736 993 1781 tradidit
1009 1735 1132 1780 illum
1157 1751 1238 1797 pro
1262 1734 1450 1796 peccatis
1468 1731 1639 1777 nostris.

267 1823 286 1843 >³
312 1803 366 1846 Et
388 1803 480 1865 ipse
492 1805 700 1865 quoniam
720 1806 830 1850 male
849 1816 1059 1850 tractatus
1078 1815 1159 1857 est,
1189 1821 1277 1849 non
1306 1803 1476 1865 aperuit
1497 1819 1569 1855 083
1598 1811 1646 1846 ut

270 1896 288 1914 >³
315 1874 405 1919 ovis
432 1874 483 1919 ad
510 1875 827 1922 immolandum
852 1877 1009 1922 ductus
1034 1887 1118 1931 est,
1143 1886 1184 1920 et
1201 1886 1249 1920 ut
1279 1891 1413 1933 agnus
1434 1883 1529 1918 ante
1545 1889 1645 1917 eum

269 1966 289 1985 υ
316 1943 392 2006 qui
418 1961 459 1990 se
483 1945 682 1990 tonderet
698 1945 781 1991 fuit
795 1946 883 1991 sine
900 1964 1006 1992 voce
1023 1983 1033 2001 ‚
1054 1946 1113 1990 sic
1132 1962 1219 1990 non
1236 1944 1404 2007 aperuit
1434 1960 1479 1987 os
1496 1959 1638 1987 suum.

269 2035 288 2055 ›>
316 2016 365 2060 lu
379 2013 624 2060 humilitate
643 2015 864 2061 sublatum
882 2027 943 2061 est
954 2015 1175 2076 judicium
1190 2019 1280 2074 ejus
1300 2032 1308 2058 ε
1331 2012 1644 2073 generationem

269 2105 287 2124 »
313 2089 402 2144 ejus
419 2085 516 2147 quis
532 2085 784 2131 enarrabit?
803 2086 1019 2141 Quoniam
1041 2085 1214 2130 tolletur
1234 2084 1413 2129 detersa
1428 2082 1514 2127 vita
1534 2086 1641 2141 ejus,

264 2178 283 2195 »
310 2155 366 2199 ab
401 2155 707 2218 iniquitatibus
747 2156 903 2220 populi
938 2156 1022 2201 mei
1061 2155 1219 2200 ductus
1250 2165 1312 2199 est
1346 2153 1400 2198 ad
1441 2162 1638 2198 mortem.

263 2249 283 2268 ³>
308 2227 436 2272 Dabo
464 2244 563 2286 ergo
598 2226 730 2271 malos
760 2237 942 2290 propter
975 2225 1246 2288 sepulturam
1272 2228 1387 2283 ejus,
1422 2233 1463 2268 et
1489 2222 1643 2267 divites

268 2320 286 2339 »
311 2308 492 2360 propter
510 2307 692 2342 mortem
711 2301 746 2356 ej
756 2314 801 2342 us
817 2333 828 2352 ‚
848 2297 906 2342 ob
925 2296 1012 2341 hoc
1031 2295 1151 2358 quod
1171 2294 1446 2357 iniquitatem
1468 2309 1555 2337 non
1577 2290 1645 2335 se-

267 2389 287 2410 »
312 2367 419 2413 cerit
432 2403 445 2423 ,
468 2384 548 2413 nec
566 2366 716 2413 dolum
739 2384 811 2413 ore
837 2383 938 2420 suo,
965 2365 1177 2412 Dominus
1196 2364 1290 2411 vult
1313 2378 1500 2426 purgare
1518 2361 1642 2408 illum

313 2450 325 2473 1
346 2450 428 2485 Psal.
451 2460 567 2489 cxvm,
587 2450 665 2490 176.
684 2467 731 2477 —
744 2448 759 2471 2
772 2449 847 2486 lsai.
867 2460 945 2489 mu,
963 2450 995 2481 6.
1012 2465 1058 2472 -
1077 2445 1091 2470 3
1108 2450 1181 2480 Act.
1202 2456 1276 2484 vnn,
1299 2457 1357 2485 27.
