1763 2838
71 170 126 200 DE
163 168 454 200 PECCATORUM
490 167 667 198 MERITIS
701 168 754 198 ET
790 169 1077 210 REMtssIONE‚
1119 171 1207 202 LIB.
1254 173 1283 202 Ι.
1360 157 1453 220 309

69 256 90 276 »
116 234 242 280 1101115
262 233 357 285 Dei,
374 233 450 297 qui
468 233 693 279 suscitavit
715 233 841 278 illum
870 252 893 278 a
923 235 1116 282 mortuis,
1149 237 1205 282 Et
1228 253 1321 292 vos,
1350 254 1451 283 cum

70 326 90 346 ›>
114 305 257 350 essetis
283 303 444 349 mortui
469 303 638 348 delictis
663 313 705 348 et
721 304 942 367 praeputio
968 306 1108 350 carnis
1130 317 1282 352 vestrae
1300 344 1311 362 ,
1343 324 1453 353 con-

74 397 94 416 »
116 375 354 420 vivificavit
373 390 474 418 cum
499 373 572 419 illo
602 373 768 419 donans
795 374 921 419 nobis
944 375 1089 420 omnia
1107 376 1283 433 delicta,
1306 376 1454 422 delens

68 467 87 486 ))
110 444 231 508 quod
251 444 453 490 adversus
473 461 551 489 nos
571 456 660 489 erat
682 445 1028 508 chirographum
1043 446 1205 493 decreti
1227 448 1346 510 quod
1363 460 1455 494 erat

72 537 92 557 ›>
111 516 375 560 contrarium
397 515 540 571 nobis,
568 515 719 560 tollens
738 515 848 560 illud
862 514 914 560 de
934 515 1097 571 medio,
1124 528 1165 562 et
1201 518 1374 578 affigens
1399 519 1448 564 11-

69 607 88 627 »
113 585 189 630 lud
212 586 349 641 cruci,
372 602 524 630 exuens
548 602 589 630 se
625 602 797 630 carnem
817 622 827 639 ‚
858 585 1131 648 principatus
1156 598 1197 632 et
1221 598 1452 650 potestates

69 678 89 696 υ
117 655 373 718 exemplavit
397 655 659 701 fiducialiter
680 654 958 718 triumphans
983 673 1053 701 eos
1077 657 1120 700 in
1136 658 1366 720 semetipso
1385 657 1418 704 1.
1440 681 1459 700 »

129 727 331 771 XLVIII.
361 727 416 771 Et
449 726 504 770 ad
545 726 827 771 Timotheum
863 743 874 770 ε
915 747 935 766 «
972 726 1226 781 Humanus,
1274 728 1447 790 inquit,

66 819 85 838 »
110 814 246 842 sermo
271 807 312 842 et
336 797 456 842 omni
481 797 731 859 acceptione
773 795 929 855 dignus
947 833 957 851 ,
985 796 1088 858 quia
1113 796 1313 841 Christus
1345 798 1447 842 Jesu

66 890 85 909 »
110 868 225 912 venit
251 868 293 911 in
321 866 538 911 mundum
554 877 803 929 peccatores
823 865 960 910 salvos
973 865 1132 918 facere,
1163 884 1350 929 quorum
1367 868 1454 930 pri-

67 960 86 978 »
116 954 209 982 mus
227 954 303 996 ego
321 954 432 982 sum.
460 936 544 981 Sed
566 936 662 980 ideo
690 935 1034 981 misericordiam
1067 948 1322 982 consecutus
1341 954 1453 992 sum,

67 1030 86 1049 υ
111 1008 220 1052 utin
246 1024 313 1052 1116
333 1006 574 1051 ostenderet
601 1006 744 1069 primo
770 1006 972 1051 Christus
993 1007 1116 1051 Jesus
1141 1024 1311 1052 omnem
1352 1007 1459 1052 lon-

64 1100 82 1119 »
105 1078 419 1139 ganimitatem‚
446 1076 501 1121 ad
532 1076 886 1121 informationem
920 1093 1092 1133 eorum,
1124 1078 1200 1140 qui
1240 1077 1455 1123 credituri

65 1172 81 1189 n
107 1159 206 1194 sunt
229 1148 290 1193 illi
313 1147 507 1192 invitam
533 1158 741 1192 {eternam
757 1147 789 1191 2.
820 1168 839 1187 »
859 1148 967 1191 Item
989 1147 1097 1192 dicit
1120 1165 1130 1191 ε
1156 1169 1175 1187 «
1197 1149 1318 1192 Unus
1333 1148 1449 1192 enim

64 1242 84 1259 υ
112 1221 243 1266 Deus.
267 1235 378 1263 unus
400 1228 441 1262 et
466 1217 679 1262 mediator
714 1218 792 1261 Dei
817 1228 856 1261 et
886 1217 1116 1261 hominum
1136 1217 1271 1263 homo
1290 1218 1448 1262 Chris-

68 1312 87 1331 »
114 1301 179 1334 tus
215 1290 336 1333 Jesus
353 1326 363 1343 ‚
403 1288 481 1351 qui
521 1287 642 1333 dedit
671 1288 948 1349 semetipsum
989 1287 1333 1350 redemptionem
1373 1305 1455 1350 pro

66 1383 85 1402 ›>
110 1359 363 1406 omnihus3.
390 1381 408 1400 »
423 1360 474 1404 ln
492 1359 681 1403 secunda
695 1359 821 1403 etiam
841 1356 896 1403 ad
916 1358 1118 1403 eumdem
1145 1376 1154 1402 :
1179 1380 1197 1397 «
1217 1358 1317 1403 Noli
1333 1376 1452 1417 crgo,

66 1453 86 1473 n
114 1431 277 1494 inquit.
301 1430 552 1474 crubescere
579 1429 874 1473 testimouium
908 1428 1086 1473 Domini
1125 1429 1285 1482 nostri,
1316 1445 1457 1490 neque

66 1522 87 1543 »
112 1519 178 1547 me
213 1501 412 1547 vinctum
447 1503 561 1558 ejus,
600 1498 672 1543 sed
694 1498 918 1543 collabora
953 1497 1188 1556 Evangelio
1212 1496 1450 1542 secundum

67 1594 86 1614 »
108 1573 313 1618 virtutem
345 1571 425 1616 Dei
449 1570 587 1615 salvos
607 1587 684 1614 nos
704 1568 918 1624 facientis,
947 1579 988 1613 et
1007 1568 1201 1614 vocantis
1223 1568 1453 1613 vocatione

66 1666 86 1686 >³
106 1661 180 1689 sua
196 1653 359 1697 sancta,
388 1658 474 1686 non
500 1640 739 1686 secundum
766 1658 897 1703 opera
922 1650 1085 1695 nostra,
1117 1638 1190 1684 sed
1208 1639 1448 1683 secundum

67 1738 87 1757 »
111 1731 239 1760 suum
278 1713 555 1776 propositum
596 1723 637 1757 et
663 1712 868 1771 gratiam,
896 1728 996 1774 quae
1021 1710 1121 1755 data
1149 1721 1210 1754 651
1246 1710 1370 1754 nobis
1407 1710 1451 1754 111

68 1808 86 1827 »
119 1785 295 1831 Christo
318 1788 415 1828 Jesu
452 1793 548 1828 ante
579 1782 738 1828 saecula
775 1793 958 1837 (eterna,
1000 1780 1269 1826 manifestata
1304 1791 1449 1825 autem

70 1878 88 1897 υ
114 1872 231 1901 nunc
252 1872 329 1918 per
350 1854 588 1899 adventum
626 1854 805 1898 Domini
838 1853 974 1898 nostri
1004 1853 1107 1897 Jesu
1134 1851 1316 1905 Christi,
1345 1868 1449 1896 eva-

66 1949 85 1968 »
108 1926 278 1972 euantis
294 1924 472 1988 quidem
516 1935 717 1977 mortem,
755 1923 1042 1969 illuminantis
1068 1932 1211 1968 autem
1248 1922 1382 1967 vitam
1408 1932 1450 1965 61

68 2018 88 2039 n
113 1996 485 2059 incorruptionem
502 2012 580 2057 per
602 1994 885 2053 Evangelium
901 1993 933 2039 4.
966 2015 986 2034 ›>

132 2068 293 2112 XLIX.
327 2065 393 2111 Ad
414 2066 564 2110 Titum
586 2065 714 2110 etiam
743 2082 754 2109 t
782 2086 801 2104 «
821 2066 1122 2127 Expectantes‚
1147 2060 1305 2124 inquit,
1331 2060 1452 2106 illam

69 2160 88 2181 ›>
113 2139 285 2183 beatam
304 2153 424 2199 spem
454 2147 493 2181 et
514 2135 902 2180 manifestationem
938 2133 1085 2193 gloriae
1110 2132 1255 2192 magni
1285 2132 1383 2187 Dei,
1413 2143 1454 2177 et

68 2232 88 2252 ³>
113 2208 336 2255 salvatoris
352 2207 485 2252 nostri
503 2208 604 2252 Jesu
624 2206 806 2262 Christi,
829 2205 906 2269 qui
923 2205 1044 2250 dedit
1073 2204 1352 2266 semetipsum
1370 2220 1452 2266 pro

71 2304 91 2324 ›>
109 2280 236 2327 nobis
253 2317 263 2335 ,
292 2289 340 2324 ut
374 2295 449 2323 1105
486 2277 714 2323 redimeret
739 2277 795 2322 ab
820 2276 935 2322 omni
968 2275 1197 2339 iniquitate
1216 2311 1227 2330 ,
1253 2285 1294 2319 61
1319 2290 1453 2319 1111111-

70 2374 90 2393 »
108 2351 230 2397 daret
256 2366 334 2394 nos
353 2348 436 2394 sibi
458 2348 675 2411 populum
694 2347 1014 2401 abundantem,
1055 2345 1355 2391 aemulatorem
1376 2343 1455 2389 bo-

120 2450 274 2482 ¹Coloss.
303 2461 342 2486 11,
365 2450 476 2479 10-15.
507 2466 550 2472 ——
575 2446 590 2469 2
622 2459 634 2478 1
663 2447 748 2479 Tim.
783 2459 810 2484 1,
835 2448 888 2481 15,
909 2465 947 2470 —
970 2444 1104 2489 ³1d.11‚
1127 2448 1158 2478 5.
1183 2463 1225 2469 -
1245 2443 1259 2467 ⁴
1282 2457 1299 2476 α
1317 2444 1402 2478 Tim.
1428 2456 1455 2482 1,

79 2506 177 2535 8-12.
