1763 2838
236 238 296 286 90
657 239 691 268 S.
734 237 977 269 AUGUSTINI
1011 239 1214 272 EPISCOPI

237 305 363 349 etiam
388 303 571 350 Felicem
592 314 827 368 purgatum
848 342 858 359 ,
883 321 1009 368 seque
1036 306 1333 354 innocentium
1356 317 1609 371 perseeuto-

238 393 303 420 res
327 376 445 438 apud
470 377 779 437 Imperatorem
801 376 983 421 extitisse
1006 376 1262 425 docuerunt.

305 447 445 491 XLH.
478 446 572 490 Hac
592 457 732 491 autem
756 457 933 510 accepta
955 440 1282 511 opportunitate
1303 447 1520 493 Catholici
1540 465 1610 500 re·-

239 515 456 575 citandam
481 515 756 577 protulerunt
787 527 828 561 et
856 515 990 580 ipsius
1026 516 1178 562 :Eliani
1210 529 1314 563 tune
1339 516 1611 581 proconsulis

239 585 489 629 relationem
509 622 518 639 ,
546 584 599 630 de
623 585 707 630 hac
731 603 775 631 re
804 585 857 631 ad
890 586 1226 632 Constantinum
1259 587 1404 632 datam
1422 624 1433 642 ,
1462 586 1540 631 ubi
1572 603 1613 631 se

239 671 408 700 causam
450 655 600 701 Felicis
632 655 797 702 audisse
831 667 871 701 et
912 656 1052 701 finisse
1087 668 1426 711 commemorat3
1461 668 1502 701 et
1523 656 1614 719 ipsa

240 736 353 785 gesta
378 725 728 788 proconsularia,
763 727 924 791 quibus
957 728 1179 773 absolutus
1202 740 1263 773 est
1298 727 1436 782 Felix,
1457 737 1499 771 et
1517 744 1615 772 om-

238 796 360 841 nium
385 798 717 843 necessariarum
745 816 1028 861 personarum
1059 799 1304 844 testimonio
1330 817 1351 844 a
1374 796 1617 850 traditionis

240 866 422 911 crimine
456 867 661 913 innocens
695 869 1026 931 comprobatus.
1070 870 1240 924 Quibus
1278 868 1466 914 recitatis
1511 866 1618 930 quid

240 936 478 981 contradici
502 948 666 999 posset,
699 940 907 998 Cognitor
928 939 1167 1002 inquisivit.
1201 941 1326 985 Tunc
1346 938 1614 993 Donatistae,

242 1005 360 1069 quod
385 1017 425 1060 et
460 1018 556 1052 ante
589 1007 731 1053 dicere
759 1021 1012 1072 coeperant,
1051 1010 1287 1056 identidem
1323 1010 1614 1073 repetierunt,

242 1087 483 1138 quaerentes
516 1088 663 1122 utrum
697 1096 743 1123 ex
778 1089 1000 1143 praecepto
1032 1080 1310 1142 Imperatoris
1349 1079 1538 1124 directus
1565 1079 1619 1122 ad

244 1146 509 1191 Comitatum
527 1147 673 1193 suisset
694 1149 911 1207 Ingentius
928 1187 937 1203 ,
962 1159 1002 1194 et
1017 1149 1120 1212 quid
1144 1160 1291 1212 postea
1310 1160 1472 1209 gestum
1495 1157 1615 1203 esset,

243 1227 290 1261 ut
312 1217 632 1273 ostenderetur,
661 1236 683 1263 a
704 1218 944 1264 Catholicis
965 1219 1175 1278 exigentes
1197 1237 1207 1263 ι
1236 1230 1275 1264 et
1296 1230 1409 1279 gesta
1428 1234 1621 1281 procon-

242 1287 400 1332 sularia
419 1325 428 1343 ,
450 1287 611 1351 quibus
632 1299 801 1351 possent
817 1289 960 1333 verbis
975 1326 985 1344 ,
1005 1289 1192 1334 refellere
1211 1299 1432 1344 conantes,
1459 1287 1621 1351 quibus

245 1357 464 1403 absolutus
482 1370 544 1404 est
564 1359 702 1414 Felix3
724 1359 976 1418 objicientes
1001 1360 1181 1419 gratiam
1203 1359 1367 1421 judicis
1387 1397 1397 1414 ,
1425 1359 1494 1404 vel
1513 1376 1621 1422 sup-

242 1428 402 1490 positas
428 1428 556 1475 fuisse
593 1447 818 1493 personas,
861 1440 901 1475 et
937 1442 1091 1475 caetera
1129 1447 1228 1493 quae
1261 1430 1398 1475 solent
1421 1428 1621 1474 homines

243 1509 394 1543 contra
430 1509 543 1558 gesta
579 1501 738 1563 quibus
773 1500 1036 1555 vincuntur,
1078 1500 1315 1563 suspiciosa
1351 1498 1624 1564 querimonia

238 1568 452 1626 jactitare.
495 1569 711 1615 Dicebant
743 1570 994 1616 etiam‘non
1030 1581 1142 1616 recte
1181 1570 1365 1615 Felicem
1402 1570 1623 1627 absentem

244 1637 369 1682 fuisse
397 1638 658 1685 absolutum.
704 1640 768 1685 Ad
805 1640 884 1685 ista
920 1657 1174 1703 responsum
1205 1651 1266 1685 est
1291 1658 1313 1684 a
1348 1638 1618 1694 Catholicis,

246 1707 388 1773 omnia
407 1725 506 1772 quse
531 1709 640 1754 lecta
659 1720 757 1754 sunt
774 1747 783 1762 ,
807 1708 859 1755 ad
880 1709 1194 1755 absolutionem
1223 1709 1448 1755 Caeciliani
1472 1719 1515 1753 et
1542 1709 1624 1753 Fe-

241 1776 335 1822 licis
362 1778 628 1840 apertissime
651 1781 893 1844 pertiner03
920 1780 952 1825 si
973 1779 1080 1843 quid
1101 1791 1246 1825 autem
1273 1780 1514 1824 Donatistae
1547 1796 1621 1831 εω-
1660 1781 1664 1784 ’

244 1847 512 1894 bitrarentur
544 1849 669 1895 misso
701 1850 754 1895 ad
780 1850 1045 1896 Comitatum
1079 1849 1277 1910 Ingentio
1308 1866 1390 1913 pro
1422 1866 1464 1894 se
1495 1848 1623 1910 fuisse

238 1918 511 1978 judicatum,
534 1931 575 1966 et
593 1932 809 1967 mutatum
830 1920 1145 1981 essejudicium
1164 1958 1173 1975 ,
1196 1938 1284 1983 quo
1307 1919 1621 1964 Constantinus

244 1989 355 2033 inter
388 2001 529 2052 partes
559 2007 820 2050 cognoscens
849 2002 1033 2054 purgato
1069 1990 1307 2035 Caeciliano
1331 1990 1427 2034 illos
1452 1988 1624 2035 calum-

245 2060 504 2106 niosissimos
529 2062 828 2121 judicaverat,
862 2063 978 2126 ipsos
1002 2061 1157 2108 debere
1191 2061 1398 2124 proferre.
1434 2059 1624 2116 Quando

247 2141 388 2175 autem
413 2131 499 2176 hoc
524 2132 744 2178 Catholici
767 2132 996 2188 dicebant,
1024 2132 1068 2177 in
1094 2132 1166 2177 illa
1190 2130 1394 2194 temporis
1411 2130 1625 2178 brevitate

245 2218 332 2245 non
364 2211 566 2263 poterant
590 2203 850 2248 considerari
885 2203 1104 2255 consules3
1138 2219 1326 2266 quorum
1359 2201 1551 2246 ordinem
1579 2200 1624 2246 in

245 2270 347 2333 ipsis
368 2272 493 2329 gestis
516 2272 593 2336 qui
611 2272 793 2318 voluerit
811 2273 1106 2329 considerans,
1127 2273 1315 2318 inveniet
1336 2271 1548 2336 posterius
1569 2271 1623 2317 ab

245 2340 505 2403 imperatore
550 2344 836 2389 Constantino
886 2343 1134 2389 absolutum
1178 2360 1264 2388 esse
1306 2341 1591 2387 Caecilianum
1609 2378 1620 2396 ,

246 2428 379 2475 quam
418 2412 569 2458 Felicis
597 2430 770 2460 causam
803 2415 858 2460 ab
892 2414 1056 2460 AEliano
1092 2412 1350 2478 proconsule
1389 2412 1623 2458 discussam

249 2486 377 2544 atque
395 2492 624 2544 purgatam
649 2501 660 2529 t
687 2495 785 2547 post
802 2484 969 2548 aliquot
986 2485 1114 2530 etiam
1133 2501 1268 2530 annos
1289 2484 1624 2529 Constantinum

249 2552 466 2615 scripsisse
491 2552 547 2599 ad
563 2554 771 2602 Verinum
788 2556 999 2603 vicarium
1015 2593 1026 2612 ,
1049 2572 1157 2619 quas
1180 2554 1342 2602 litteras
1362 2553 1446 2616 ipsi
1464 2553 1623 2600 recita-
