1763 2838
66 185 122 217 DE
158 182 452 216 PECCATORUM
484 182 664 215 MERITIS
698 182 752 214 ET
786 181 1074 223 REMlssloNE‚
1113 182 1200 215 LIB.
1242 182 1292 214 11.
1349 167 1444 231 379

66 249 344 312 transgressio
368 248 467 313 plus
490 248 618 294 nobis
640 247 819 302 nocuit,
845 265 978 312 quam
1001 247 1243 294 incarnatio
1272 248 1342 296 vel
1375 265 1447 295 re-

66 320 265 385 demptio
290 319 459 383 profuit
486 319 751 366 Salvatoris:
773 341 792 361 »
813 336 893 364 cur
915 335 1002 364 non
1024 318 1172 382 potius
1194 319 1281 365 hoc
1303 329 1447 365 atten—

67 391 204 447 dunt,
224 390 311 436 hoc
338 389 550 445 audiunt,
571 390 657 436 1100
679 391 768 436 sine
792 389 1067 435 dubitatione
1091 389 1305 445 credunt,
1329 388 1450 453 quod

67 461 303 526 Apostolus
319 461 408 507 sine
427 462 713 522 ambiguitate
733 461 906 507 locutus
920 470 982 505 est
1005 478 1016 506 ι
1044 482 1063 502 «
1086 460 1201 518 Quia
1216 478 1294 528 per
1306 459 1450 506 homi-

68 554 89 574 »
114 549 214 577 nem
242 549 382 589 mors,
422 543 464 578 et
486 550 564 596 per
597 532 820 578 bominem
857 532 1112 577 resurrectio
1145 533 1450 577 mortuorum?

69 625 90 645 n
116 603 238 649 Sicut
259 604 373 649 enim
397 604 442 649 in
463 604 602 650 Adam
623 621 768 650 omnes
785 603 1049 660 moriuntur,
1076 603 1136 649 sic
1155 603 1255 648 etin
1275 602 1451 648 Christo

68 696 90 716 >³
117 692 264 720 omnes
287 675 675 722 vivificabuntur1.
702 698 721 717 »
748 676 898 738 Neque
932 675 1045 720 enim
1084 673 1258 719 aliunde
1275 711 1286 730 ‚
1319 690 1453 736 quam

69 744 122 790 de
140 745 338 808 corporis
352 746 663 792 resurrectione
685 745 875 791 dicebat.
905 745 1115 790 Omnium
1138 761 1238 803 ergo
1258 743 1455 806 corporis

69 825 254 860 mortem
279 815 439 861 factam
478 834 557 879 per
593 833 730 862 unum
755 815 980 860 hominem
1020 814 1154 871 dixit,
1191 824 1232 859 et
1258 813 1454 859 omnium

70 885 268 948 corporis
303 887 661 933 resurrectionem
707 887 749 931 in
788 886 923 931 vitam
957 896 1163 931 aeternam
1202 901 1280 948 per
1315 900 1454 929 unum

72 955 300 1001 Christum
321 955 514 1003 futuram
541 975 626 1003 esse
662 957 877 1021 promisit.
923 955 1157 1013 Quomodo
1182 971 1283 1015 ergo
1307 975 1326 996 «
1350 954 1454 999 Plus

70 1026 198 1072 nobis
239 1028 392 1073 nocuit
435 1028 505 1074 ille
542 1028 767 1092 peccando
785 1065 795 1084 ,
835 1044 969 1092 quam
1011 1027 1087 1072 iste
1129 1026 1296 1090 profuit
1335 1024 1454 1070 redi-

71 1096 258 1151 mendo;
288 1120 307 1139 n
335 1115 437 1144 cum
462 1116 540 1162 per
564 1098 679 1144 illius
704 1108 934 1162 peccatum
959 1096 1262 1161 temporaliter
1289 1095 1453 1142 moria-

72 1184 189 1223 mur,
212 1185 290 1231 per
310 1169 432 1215 istius
452 1180 592 1214 autem
617 1168 962 1231 redemptionem
986 1185 1073 1212 non
1094 1167 1145 1213 ad
1170 1165 1456 1229 temporalem

72 1238 207 1283 vitam
226 1275 237 1293 ,
261 1239 333 1284 sed
352 1239 406 1284 ad
426 1250 684 1303 perpetuam
700 1241 998 1298 resurgamus?
1022 1239 1228 1282 'Nostrum
1245 1253 1345 1295 ergo
1362 1252 1457 1280 cor-

73 1326 156 1372 pus
174 1319 396 1355 mortuum
412 1321 473 1356 est
493 1321 676 1374 propter
694 1320 944 1373 peccatum,
965 1308 1130 1354 Christi
1146 1318 1458 1367 autemcorpus

75 1378 215 1424 solum
235 1390 459 1425 mortuum
492 1381 667 1426 estsine
704 1390 909 1443 peccat03
940 1390 988 1425 ut
1013 1379 1107 1424 fuso
1131 1378 1336 1437 sanguine
1370 1377 1459 1421 sine

75 1448 206 1512 culpa
223 1486 234 1504 ,
257 1451 453 1496 omnium
481 1450 715 1514 culparum
741 1450 1040 1513 chirographa
1062 1449 1323 1503 delerentur,
1354 1447 1458 1509 qui-

75 1521 159 1565 bus
185 1519 401 1567 debitores
419 1522 558 1586 quiin
583 1540 681 1568 eum
707 1522 917 1577 credunt,
948 1540 970 1566 a
990 1520 1165 1566 diabolo
1194 1530 1315 1565 antea
1336 1529 1458 1563 tene-

76 1591 253 1638 bantur.
287 1592 343 1638 Et
365 1592 463 1638 ideo
487 1631 498 1649 ,
527 1616 546 1635 «
568 1594 652 1639 Hic
677 1604 764 1649 est,
797 1594 853 1639 ait
870 1631 880 1649 ,
920 1593 1091 1652 sanguis
1115 1607 1257 1647 meus,
1284 1590 1361 1654 qui
1381 1606 1461 1654 pro

79 1684 99 1704 ³>
126 1661 274 1708 multis
293 1664 539 1711 effundetur
556 1665 601 1711 in
622 1665 914 1710 remissionem
937 1662 1259 1726 peccatorum2.
1290 1683 1310 1702 >2

143 1739 195 1783 L.
238 1738 415 1783 Poterat
447 1751 589 1784 autem
621 1739 748 1784 etiam
773 1739 860 1784 hoc
887 1737 1048 1783 donare
1082 1735 1359 1781 credentibus
1378 1772 1388 1790 ,
1416 1744 1465 1780 ut

79 1822 159 1851 nec
173 1806 295 1852 istius
312 1809 609 1871 experirentur
631 1809 828 1872 corporis
844 1818 1025 1853 mortem
1048 1824 1059 1851 ε
1087 1805 1159 1851 sed
1180 1805 1214 1850 si
1228 1805 1315 1850 hoc
1336 1804 1465 1850 fecis-

81 1887 165 1931 set,
190 1878 309 1923 carni
328 1879 532 1942 quaedam
556 1880 736 1925 felicitas
767 1879 1013 1931 adderetur,
1037 1878 1305 1922 minueretur
1324 1887 1467 1921 autem

82 1946 182 1992 fidei
204 1946 461 1997 fortitudo3.
491 1951 562 1996 Sic
581 1950 693 1996 enim
712 1950 913 1995 homines
937 1959 1119 1994 mortem
1137 1948 1263 1992 istam
1284 1946 1463 2003 timent,

83 2027 131 2062 ut
150 2034 238 2062 non
257 2018 315 2063 ob
331 2019 448 2065 aliud
467 2020 608 2066 felices
623 2020 816 2066 dicerent
830 2037 915 2065 esse
930 2018 1202 2063 Christianos
1216 2054 1227 2073 ‚
1248 2016 1330 2062 nisi
1345 2014 1466 2080 quod

85 2087 195 2132 mori
215 2088 392 2135 omnino
418 2108 506 2135 non
536 2101 725 2153 possent.
760 2093 822 2136 Ac
846 2107 923 2152 per
945 2089 1034 2134 hoc
1058 2105 1185 2133 nemo
1210 2097 1391 2150 propter
1409 2086 1465 2132 il-

85 2156 174 2202 lam
195 2158 329 2204 vitam
347 2197 359 2216 ,
383 2177 484 2224 quae
502 2172 602 2224 post
625 2161 750 2207 istam
774 2170 955 2206 mortem
976 2159 1104 2204 beata
1118 2158 1265 2204 futura
1280 2168 1367 2213 est,
1391 2173 1470 2220 per

85 2225 292 2273 Virtutem
326 2231 455 2276 etiam
494 2230 825 2277 contemnendae
863 2230 998 2293 ipsius
1038 2229 1188 2274 mortis
1225 2228 1279 2274 ad
1308 2227 1472 2274 Christi

87 2296 269 2355 gratiam
294 2299 542 2357 festinaret.
571 2302 643 2347 sed
665 2312 845 2365 propter
867 2299 1173 2346 removendam
1198 2299 1348 2344 mortis
1368 2315 1472 2343 mo·-

86 2364 254 2413 lestiam
279 2368 505 2418 delicatius
528 2372 777 2418 crederetur
792 2372 837 2417 in
858 2371 1099 2416 Christum.
1125 2370 1230 2415 Plus
1249 2386 1349 2430 ergo
1368 2386 1469 2430 gra-

137 2466 147 2487 ¹
172 2478 184 2497 1
202 2469 281 2504 Cor.
302 2482 356 2514 xv,
373 2484 430 2507 21.
447 2491 491 2497 -
505 2472 520 2495 ²
534 2474 655 2510 Matth.
672 2485 759 2514 xxw,
775 2475 830 2506 28-
850 2492 894 2498 —
909 2471 923 2496 ³
944 2471 1028 2504 Vide
1045 2470 1138 2514 epist·
1161 2471 1239 2511 ι57·
1255 2470 1294 2503 ad
1311 2470 1468 2503 Hilarium

92 2530 129 2553 n.
148 2531 200 2563 19.
217 2528 248 2555 et
259 2525 362 2562 Serin.
387 2537 468 2570 299.
486 2539 518 2562 n.
539 2538 591 2560 10.
