1763 2838
75 189 134 223 DE
168 188 460 233 rEccAToRUM
491 176 672 219 mzams
706 188 760 220 Er
796 170 1082 230 mussiomz,
1120 190 1208 222 LIB.
1252 191 1302 228 η.
1360 167 1447 239 371

141 256 235 304 XL.
258 251 344 301 Sed
357 269 410 300 ne
421 251 664 318 quisdicat,
682 265 914 319 propterea
930 264 1046 301 recte
1060 255 1251 320 potuisse
1263 256 1456 303 Abrahae

76 325 187 372 filios
204 324 430 381 decimari,
453 325 652 390 quamvis
672 329 764 386 jam
784 325 963 372 fuissent
985 326 1031 371 in
1054 325 1215 372 lumbis
1234 327 1369 390 patris
1394 328 1458 373 sui

77 395 299 453 decimati,
323 395 426 459 quia
449 394 680 441 decimatio
696 395 789 442 talis
806 406 872 442 res
888 407 997 453 erat,
1017 413 1117 460 quae
1130 397 1175 442 in
1191 414 1456 461 unoquoque

76 466 257 512 homine
290 483 405 530 saepe
427 465 570 511 fuerat
587 465 784 512 facienda
802 504 813 522 ,
843 467 955 526 sicut
979 466 1190 513 Israiilitae
1214 468 1335 526 annis
1362 486 1459 513 om—

77 537 226 593 nibus,
262 537 350 583 imo
372 554 420 582 ex
441 537 658 583 fructibus
681 536 885 583 omnibus
911 536 1101 583 decimas
1137 547 1227 583 tota
1257 538 1346 584 vita
1383 556 1458 584 sua

79 607 252 653 crebras
267 607 403 653 solent
417 607 614 671 praebere
627 607 807 664 Levitis,
833 607 1104 670 baptismum
1119 618 1262 654 autem
1283 608 1365 654 tale
1388 627 1459 654 sa-

79 688 351 724 cramentum
366 695 452 724 esse
464 678 586 743 quod
605 677 734 725 semel
746 677 894 734 datur,
922 687 965 723 et
977 678 1010 723 si
1029 681 1119 738 jam
1136 678 1223 724 hoc
1237 692 1465 741 acceperat

80 748 280 812 quisque,
304 766 403 795 cum
416 749 460 795 in
474 760 599 813 patre
615 766 692 795 suo
709 759 832 804 esset,
854 748 1026 794 nonnisi
1045 749 1319 815 baptizatum
1337 750 1466 797 fuisse

78 818 403 882 deputandum,
428 837 528 866 cum
549 820 602 865 de
624 819 699 866 illo
724 819 800 883 qui
823 819 1072 883 baptizatus
1103 818 1246 865 fuerat
1267 820 1466 881 gignere·

80 899 167 936 tur.
199 889 287 946 Qui
306 890 392 936 hoc
417 889 552 947 dicit,
588 894 668 951 (ne
689 890 766 936 diu
790 889 1059 954 disputem),
1086 890 1464 938 circumcisionem

80 961 283 1025 respiciat
297 999 308 1019 ,
330 979 431 1026 quae
454 961 582 1008 semel
601 962 752 1018 fiebat,
778 972 820 1007 et
836 973 980 1008 tamen
1002 962 1046 1007 in
1073 961 1251 1021 singulis
1270 963 1467 1023 singilla-

81 1032 160 1077 tim
175 1032 322 1079 fiebat.
345 1033 469 1079 Sicut
480 1051 580 1093 ergo
595 1044 788 1097 tempore
805 1033 919 1079 illius
939 1032 1194 1079 sacramenti
1211 1032 1264 1078 de
1274 1034 1470 1079 circum-

83 1102 170 1148 ciso
200 1103 278 1167 qui
320 1113 586 1159 nasceretur,
619 1103 1001 1149 circumcidendus
1025 1102 1108 1149 fuit
1136 1121 1146 1147 ε
1183 1104 1244 1149 sic
1270 1121 1387 1151 nunc
1415 1104 1468 1150 de

83 1172 307 1236 baptizato
326 1174 403 1237 qui
421 1184 545 1219 natus
564 1173 713 1229 fuerit,
731 1173 1024 1237 baptizandus
1050 1184 1128 1219 est.

149 1245 264 1291 XLI.
287 1247 343 1290 At
361 1245 476 1290 enim
496 1244 731 1308 Apostolus
756 1245 838 1290 ait:
869 1266 889 1286 «
907 1244 1004 1289 Filii
1020 1244 1150 1289 vestri
1168 1244 1384 1290 immundi
1402 1262 1469 1290 es-

85 1336 105 1355 »
125 1325 234 1371 sent,
251 1332 369 1361 nunc
384 1325 526 1361 autem
550 1315 688 1361 sancti
709 1326 808 1361 sunt
823 1315 841 1344 '1
866 1334 875 1360 :
893 1326 966 1360 »et
986 1314 1103 1370 ideo,
1120 1315 1346 1378 inquiunt,
1368 1316 1472 1361 fide-

85 1385 193 1431 lium
234 1385 311 1431 filii
329 1390 421 1446 jam
454 1386 671 1449 baptizari
720 1386 898 1432 mininie
929 1386 1175 1432 debuerunt
1212 1386 1244 1433 2.
1274 1409 1293 1427 υ
1335 1388 1470 1432 Miror

86 1456 174 1501 hoc
195 1456 355 1513 dicere,
383 1457 459 1520 qui
492 1467 651 1517 negant
692 1469 924 1520 peccatum
956 1475 1003 1503 ex
1043 1457 1183 1502 Adam
1212 1457 1474 1517 originaliter

86 1528 218 1574 trahi.
254 1528 299 1573 Si
321 1529 434 1574 enim
460 1528 577 1574 hanc
611 1528 810 1592 Apostoli
850 1529 1104 1575 sententiam
1146 1530 1206 1574 sic
1230 1528 1470 1591 accipiunt,

88 1610 138 1644 ut
168 1599 348 1645 credant
367 1599 420 1645 de
456 1600 661 1645 fidelibus
686 1600 978 1646 sanctificatos
1004 1600 1114 1645 filios
1138 1599 1273 1656 nasci,
1302 1617 1380 1645 cur
1403 1619 1474 1645 eos

88 1670 217 1715 etiam
238 1669 320 1733 ipsi
348 1670 562 1733 baptizari
582 1682 782 1734 oportere
805 1688 893 1716 non
917 1670 1154 1716 dubitant?
1176 1673 1265 1715 Cur
1288 1670 1475 1735 denique

89 1740 246 1785 nolunt
261 1739 386 1786 fateri
406 1740 458 1785 de
479 1751 658 1804 parente
675 1751 905 1804 peccatore
927 1740 1104 1804 aliquod
1133 1752 1362 1804 peccatum
1386 1743 1476 1787 ori-

91 1811 289 1871 ginaliter
309 1810 443 1867 trahi,
471 1812 505 1857 si
531 1811 584 1856 de
611 1822 761 1856 sancto
787 1811 933 1875 aliqua
953 1812 1156 1856 sanctitas
1178 1811 1394 1858 trahitur?
1421 1815 1476 1859 Et

91 1892 241 1927 contra
277 1893 468 1927 nostram
503 1880 679 1945 quidem
716 1899 804 1926 non
830 1892 890 1927 est
916 1881 1188 1927 assertionem
1204 1919 1215 1938 ,
1243 1882 1407 1927 etiamsi
1429 1901 1477 1929 cx

91 1951 294 1998 fidelibus
319 1953 455 1998 sancti
490 1962 811 2015 propagantur,
842 1951 963 2016 quod
987 1969 1057 1996 eos
1082 1951 1268 1997 dicimus
1290 1990 1299 2006 ‚
1331 1952 1364 1998 si
1385 1971 1472 1998 non

91 2023 390 2087 baptizantur,
413 2040 588 2085 pergere
613 2023 657 2067 in
676 2022 1019 2079 damnationem,
1044 2022 1205 2087 quibus
1219 2034 1261 2068 et
1283 2024 1365 2087 ipsi
1382 2042 1474 2085 reg-

93 2110 198 2139 num
217 2094 431 2139 coelorum
453 2092 770 2149 intercludunt,
797 2091 995 2155 quamvis
1025 2110 1094 2138 eos
1117 2092 1265 2139 dicant
1283 2111 1370 2139 non
1389 2095 1476 2141 ha-

93 2165 196 2209 bere
209 2163 347 2210 ullum
365 2162 431 2210 vel
459 2162 707 2226 proprium,
729 2162 796 2209 vel
817 2163 1024 2223 originale
1041 2173 1288 2226 peccatum.
1322 2167 1409 2211 Aut
1442 2166 1477 2212 si

94 2236 152 2281 eis
171 2235 399 2295 indignum
420 2233 608 2288 videtur,
641 2244 688 2279 ut
706 2234 844 2280 sancti
865 2234 1150 2291 damnentur,
1175 2236 1397 2298 quomodo
1415 2247 1478 2282 est

95 2305 277 2365 dignum
302 2315 351 2350 ut
369 2322 391 2350 a
416 2322 547 2365 regno
574 2304 651 2350 Dei
681 2305 817 2350 sancti
854 2308 1138 2369 separentur?
1178 2306 1295 2352 Illud
1332 2309 1478 2370 potius

99 2375 341 2429 attendant,
369 2374 590 2438 quomodo
616 2392 703 2421 non
722 2375 775 2421 de
800 2377 1101 2440 peccatoribus
1118 2378 1372 2441 parentibus
1390 2390 1476 2425 tra-

95 2447 229 2493 hatur
245 2446 422 2511 aliquod
438 2457 684 2511 peccatum,
702 2447 736 2492 si
757 2446 810 2493 de
836 2448 992 2494 sanctis
1010 2448 1154 2512 aliqua
1167 2449 1369 2497 sanctitas
1388 2462 1473 2498 tra-

142 2529 154 2553 ¹
173 2540 187 2561 ι
206 2532 281 2565 Cor.
301 2542 357 2571 vn,
378 2537 429 2568 14.
448 2547 493 2555 -
507 2529 522 2553 2
540 2530 621 2563 Vide
638 2530 801 2564 Gelasium
817 2530 851 2564 in
872 2531 1035 2576 opusculo
1048 2538 1134 2567 cont.
1157 2532 1265 2575 Pelag-

1272 2586 1349 2640 24.
