1763 2838
304 99 400 156 384
724 110 760 141 s.
803 108 1046 140 Aueusrim
1080 109 1284 140 EPIscopr

302 180 425 225 ribus
451 186 492 222 et
513 171 717 220 molestiis
740 171 987 218 eniteretur.
1016 175 1199 235 Propter
1216 172 1303 218 hoc
1320 172 1451 218 etiam
1468 171 1523 218 de
1548 189 1677 236 para-

303 248 395 294 diso
432 245 631 292 dimissus
664 242 827 298 Adam,
866 252 1018 288 contra
1058 243 1179 288 Eden
1213 242 1454 298 habitavit,
1494 241 1541 287 id
1580 252 1643 288 est
1661 279 1673 299 ,

303 329 455 365 contra
479 316 622 362 sedem
639 314 894 360 deliciarum
917 331 928 358 ε
951 323 1000 358 ut
1025 314 1284 373 significaret
1306 313 1426 376 quod
1451 313 1496 359 in
1518 312 1678 358 labori-

303 391 409 445 bus,
448 387 524 451 qui
558 396 659 432 sunt
692 384 857 430 deliciis
896 384 1128 439 contrarii,
1158 384 1393 430 erudienda
1432 393 1539 430 esset
1576 399 1676 428 caro

303 460 495 522 peccati,
523 473 623 521 quae
650 456 695 502 in
715 454 881 500 deliciis
904 453 1195 499 obedientiam
1219 470 1309 498 non
1331 455 1538 509 servavit,
1562 462 1679 498 ante-

303 546 436 592 quam
460 538 566 574 esset
592 542 693 572 caro
722 524 933 588 peecati1.
962 524 1087 569 Sicut
1106 540 1205 583 ergo
1237 523 1299 568 illi
1330 523 1463 586 primi
1482 522 1679 569 homines

302 610 452 663 postea
461 602 577 658 juste
591 595 776 643 vivendo
796 632 807 652 ‚
837 594 951 641 unde
970 596 1123 639 merito
1146 593 1385 639 creduntur
1402 611 1480 657 per
1503 593 1681 639 Domini

304 670 555 729 sanguinem
579 668 635 713 ab
671 676 858 711 extremo
882 664 1100 728 supplicio
1130 663 1330 720 liberati,
1359 681 1447 709 non
1468 674 1612 708 tamen
1634 662 1681 708 in

303 740 377 786 illa
399 740 489 786 vita
520 747 772 784 meruerunt
806 735 859 781 ad
882 735 1136 798 paradisum
1168 735 1361 780 revocari
1389 752 1399 779 ι
1427 733 1487 779 sic
1513 743 1555 778 et
1579 749 1679 778 caro

303 811 474 874 peccati
494 847 504 866 ‚
537 808 700 854 etiamsi
722 806 906 853 remissis
926 806 1114 868 peccatis
1134 805 1268 851 homo
1287 806 1334 851 in
1355 822 1403 851 ea
1420 807 1535 863 juste
1562 803 1682 848 vixe-

304 881 360 926 rit
373 917 384 937 ,
398 897 487 925 non
498 878 704 924 continuo
718 886 905 922 meretur
917 893 1009 921 eam
1029 886 1213 921 mortem
1231 892 1320 921 non
1338 873 1530 938 perpeti,
1549 888 1682 935 quam

306 951 432 996 traxit
452 949 505 994 de
527 947 767 1011 propagine
788 946 973 1010 peccati.

368 1020 483 1066 LVI.
521 1018 625 1064 Tale
644 1017 810 1081 aliquid
832 1016 959 1062 nobis
977 1016 1245 1061 insinuatum
1269 1024 1330 1060 est
1350 1014 1402 1060 de
1430 1013 1683 1078 patriarcha

306 1090 449 1137 David
468 1090 514 1135 in
539 1089 652 1134 libro
677 1090 930 1148 Regnorum
949 1124 960 1144 ‚
983 1086 1035 1132 ad
1053 1103 1182 1150 quem
1206 1084 1431 1148 Propheta
1456 1101 1556 1131 cum
1577 1083 1682 1129 mis-

303 1179 373 1207 sus
390 1172 511 1216 esset,
529 1160 653 1223 eique
676 1170 858 1222 propter
877 1169 1108 1222 peccatum
1131 1156 1252 1220 quod
1281 1155 1528 1212 admiserat,
1549 1170 1683 1201 even-

308 1244 406 1278 tura
433 1231 548 1278 mala
579 1247 625 1276 ex
651 1230 875 1275 iracundia
908 1230 987 1275 Dei
1023 1229 1389 1283 comminaretur,
1421 1225 1684 1273 confessione

305 1303 475 1366 peccati
493 1301 664 1348 veniam
684 1300 866 1356 meruit,
888 1299 1174 1362 respondente
1197 1295 1478 1360 Propheta1‚
1505 1295 1625 1359 quod
1646 1294 1686 1340 ei

306 1372 522 1433 flagitium
556 1370 810 1433 facinusque
842 1370 1066 1415 remissum
1090 1369 1143 1414 sit
1170 1386 1180 1413 ε
1214 1378 1257 1413 et
1279 1378 1425 1412 tamen
1455 1375 1685 1411 consecuta

307 1454 408 1489 sunt
431 1459 530 1506 quae
555 1443 670 1486 Deus
700 1440 841 1485 suerat
864 1440 1152 1485 comminatus
1170 1475 1180 1494 ‚
1209 1449 1257 1483 ut
1291 1438 1351 1482 sic
1381 1436 1687 1482 humiliaretur

308 1532 331 1558 a
349 1514 452 1560 filio.
484 1513 630 1569 Quare
649 1512 782 1556 ethic
802 1528 891 1556 non
910 1510 1072 1556 dicitur
1095 1528 1105 1555 :
1136 1510 1181 1555 Si
1198 1511 1313 1555 Deus
1330 1518 1510 1571 propter
1528 1523 1685 1570 pecca-

308 1596 400 1631 tum
422 1582 532 1629 illud
553 1582 693 1627 fuerat
717 1581 1005 1626 comminatus
1024 1617 1034 1636 ,
1063 1597 1141 1626 cur
1161 1579 1335 1625 dimisso
1368 1588 1547 1641 peccato
1566 1576 1685 1640 quod

307 1665 399 1702 erat
425 1654 613 1699 minatus
638 1651 869 1714 implevit?
904 1650 985 1696 nisi
1019 1650 1121 1713 quia
1150 1648 1382 1695 rectissime
1400 1684 1411 1704 ‚
1449 1647 1484 1692 si
1516 1646 1684 1692 dictum

307 1725 437 1771 fuerit
454 1760 466 1776 ‚
485 1721 823 1785 respondebitur
847 1721 1139 1766 remissionem
1164 1719 1282 1765 illam
1301 1717 1470 1782 peccati
1491 1716 1651 1762 factam
1671 1752 1683 1772 ‚

308 1812 361 1840 ne
385 1795 519 1839 homo
542 1810 565 1837 a
589 1790 872 1854 percipienda
897 1791 984 1836 vita
1005 1790 1291 1853 impediretur
1316 1799 1476 1835 aeterna
1497 1808 1509 1842 ;
1535 1788 1688 1833 subse-

309 1874 462 1911 cutum
486 1878 587 1908 vero
603 1861 719 1906 illius
745 1859 1094 1905 comminationis
1117 1861 1312 1905 effectum
1335 1896 1346 1915 ‚
1372 1869 1419 1903 ut
1439 1858 1575 1921 pietas
1599 1857 1687 1902 ho-

310 1934 436 1980 minis
461 1933 508 1978 in
534 1931 608 1977 illa
650 1930 899 1975 humilitate
933 1941 1197 1975 exerceretur
1237 1940 1367 1992 atque
1406 1928 1681 1992 probaretur.

312 2005 384 2050 Sic
407 2013 449 2049 et
478 2011 662 2047 mortem
691 2000 887 2063 corporis
914 2011 955 2045 ct
986 2010 1169 2063 propter
1196 2009 1424 2062 peccatum
1458 2000 1572 2044 Deus
1600 1998 1687 2043 ho-

311 2074 419 2120 mini
451 2071 633 2127 inflixit‚
669 2081 712 2115 et
746 2080 845 2133 post
879 2081 1161 2133 peccatorum
1196 2068 1484 2115 remissionem
1508 2078 1688 2132 propter

311 2143 588 2191 exercendam
604 2141 817 2201 justitiam
840 2158 927 2186 non
950 2140 1124 2187 ademit.

376 2214 511 2260 LVII.
542 2213 781 2257 Teneamus
810 2227 910 2269 ergo
935 2209 1289 2256 indeclinabilem
1323 2209 1423 2255 fidei
1450 2208 1687 2255 confessio-

313 2302 426 2331 nem.
459 2282 585 2329 Solus
605 2298 715 2327 unus
733 2292 795 2327 est
811 2281 888 2344 qui
910 2280 997 2327 sine
1022 2291 1204 2344 peccato
1236 2290 1361 2326 natus
1384 2290 1444 2326 est
1464 2279 1509 2325 in
1531 2278 1687 2325 simili-

361 2384 373 2406 1
387 2381 471 2414 Vide
490 2380 544 2412 lib.
564 2381 604 2412 de
631 2386 697 2413 nat.
721 2386 753 2412 et
769 2379 880 2422 gratia,
900 2390 927 2411 c.
955 2391 1009 2412 21.
1031 2386 1062 2412 et
1081 2382 1174 2424 epist.
1200 2380 1278 2418 164.
1304 2390 1333 2414 c.
1360 2380 1393 2412 3.
1417 2388 1451 2414 n.
1472 2379 1505 2411 6.
1522 2383 1553 2410 et
1571 2377 1626 2411 lib.
1648 2377 1687 2410 de

314 2435 497 2474 haeresibus,
515 2444 550 2469 n.
571 2435 627 2468 25.
645 2450 691 2459 -
706 2432 722 2457 ²
742 2445 759 2466 2
779 2437 861 2475 Reg.
879 2443 940 2478 xu,
964 2434 1016 2466 13.
