1763 2838
285 158 376 214 460
701 174 734 202 S.
779 170 1027 203 Ancus-rim
1062 158 1268 205 izmscom

287 248 492 300 tanquam
512 253 597 282 non
618 238 849 300 acceperit,
880 237 1065 283 antideo
1083 256 1124 284 se
1150 250 1269 302 putet
1291 238 1521 302 accepisse,
1554 240 1654 304 quia

283 307 423 351 littera
449 309 723 362 extrinsecus,
742 309 804 352 vel
834 320 876 352 ut
901 309 1107 367 legeretur
1126 312 1346 373 apparuit,
1372 311 1434 356 x'el
1460 323 1504 356 ut
1525 312 1660 356 audi·-

284 388 402 422 retur
421 377 625 423 insonuit.
653 380 755 423 tNam
781 401 800 419 «
831 379 872 423 Si
899 378 1322 441 perltgeinjustitia,
1343 381 1658 440 ergoChristus

286 447 448 505 »gratis
464 458 657 493 mortuus
678 460 736 493 est
756 448 788 495 ¹.
811 470 830 489 »
852 452 985 493 Porro
999 460 1138 494 autem
1155 450 1186 494 si
1206 467 1288 494 non
1310 452 1440 509 gratis
1464 462 1659 496 mortuus

284 527 362 565 cst.
381 517 625 562 ascenditin
641 518 794 572 altum,
811 520 1025 582 captivam
1036 519 1462 582 duxitcaptivitatem
1476 520 1512 574 ²,
1531 521 1658 566 etde-

286 587 350 631 dit
364 586 476 631 dona
494 587 772 634 hominibus:
791 589 889 634 inde
905 589 1055 644 habet,
1074 590 1339 654 quicumque
1354 590 1497 637 habet.
1525 591 1659 646 Quis-

287 657 382 719 quis
395 667 533 702 autem
549 658 648 703 inde
660 677 700 704 se
713 659 874 705 habere
888 672 1029 719 negat,
1046 671 1119 705 aut
1132 677 1217 705 non
1235 661 1385 715 habet,
1401 661 1526 707 antid
1541 660 1659 724 quod

287 728 421 773 habet
441 728 654 774 auferetur
685 730 739 775 ab
760 748 808 775 eo
839 731 871 777 3.
897 753 915 771 «
946 733 1061 776 [nus
1085 731 1199 776 enim
1232 733 1344 776 Deus
1359 732 1432 794 qui
1452 732 1662 791 justificat

288 797 691 844 »circumcisionem
707 817 751 844 ex
766 800 868 851 fide,
884 811 925 845 et
938 801 1203 864 preeputium
1217 801 1433 864 perfidem
1447 801 1488 846 4:
1509 823 1527 841 υ
1543 799 1661 863 quod

286 883 375 911 non
401 867 452 912 ad
471 867 655 930 aliquam
673 869 955 915 differentiam
971 871 1230 925 dictumest,
1254 882 1456 934 tanquam
1478 870 1593 916 aliud
1610 871 1663 916 sit

288 938 383 981 «Ex
406 937 508 987 fide,
532 963 550 979 n
569 949 609 983 et
624 939 772 984 aliud«
792 942 874 985 Per
888 941 1045 994 fidem3
1070 964 1086 982 υ
1111 941 1182 986 sed
1200 941 1252 986 ad
1273 943 1519 986 varietatem
1541 941 1661 986 loeu-

290 1007 430 1053 tiouis.
466 1008 560 1052 Alio
575 1010 738 1072 quippe
752 1010 847 1055 loeo
868 1028 966 1056 cum
983 1011 1247 1070 degentibus
1266 1011 1444 1066 diceret,
1473 1011 1558 1056 hoc
1577 1021 1660 1066 est,

290 1076 343 1121 de
362 1079 581 1140 pra‘putio
605 1097 614 1123 :
638 1102 655 1119 <‹
678 1081 945 1135 praevidens,
962 1081 1122 1144 inquit,
1142 1081 1388 1144 Scriptura,
1406 1081 1506 1144 quia
1521 1098 1564 1126 ex
1581 1080 1665 1126 fide

291 1149 536 1206 »justificat
559 1161 701 1209 gentes
725 1152 832 1196 Deus
847 1151 879 1197 5.
902 1173 920 1192 »
943 1153 1138 1214 Itemque
1157 1168 1255 1196 cum
1273 1151 1325 1196 de
1339 1151 1665 1196 circumcisione

290 1217 554 1281 loqueretur,
576 1221 690 1265 unde
703 1222 894 1285 eratipse
912 1240 922 1266 :
945 1244 964 1263 «
981 1224 1083 1276 Nos,
1102 1223 1260 1285 inquit,
1275 1233 1428 1266 natura
1443 1221 1604 1274 Judaei,
1625 1231 1667 1265 et

294 1309 313 1329 n
335 1306 417 1333 non
431 1308 475 1335 ex
490 1291 689 1349 gentibus
710 1293 1164 1355 peccatores.scientes
1180 1293 1283 1355 quia
1303 1309 1387 1336 non
1403 1292 1668 1351 justificatur

292 1380 311 1400 >2
328 1360 461 1406 horno
475 1380 520 1407 ex
537 1364 743 1425 operibus
763 1364 878 1422 legis,
896 1365 973 1409 nisi
989 1382 1064 1426 per
1074 1364 1204 1409 fidem
1221 1364 1322 1408 «lesu
1337 1363 1516 1412 Christi,
1542 1375 1669 1408 etuos

296 1451 315 1469 »
334 1430 377 1474 in
392 1431 615 1477 Christum
632 1434 777 1478 Jesum
796 1434 1053 1480 credimus-⁶.
1078 1457 1096 1475 »
1110 1434 1220 1479 Eece
1231 1444 1271 1478 et
1285 1433 1548 1496 praeputium
1563 1433 1669 1478 dixit

286 1500 516 1558 justificari
528 1520 571 1547 ex
586 1502 685 1555 fide,
699 1513 738 1547 et
752 1505 1121 1549 circumcisionem
1138 1522 1214 1567 per
1227 1503 1354 1549 fidem
1366 1540 1376 1559 ‚
1392 1503 1424 1548 si
1439 1514 1576 1548 tamen
1588 1503 1669 1548 cir-

296 1572 504 1616 cumcisio
520 1574 730 1631 justitiam
749 1575 846 1619 fidei
867 1585 1018 1621 teneat.
1038 1597 1055 1615 ι(
1077 1576 1148 1619 Sic
1165 1575 1275 1620 enim
1290 1576 1446 1619 Gentes
1464 1591 1563 1637 quae
1583 1590 1669 1618 non

297 1662 317 1681 ›>
343 1643 621 1688 sectabantur
639 1646 853 1704 justitiam
884 1646 1265 1709 apprehenderunt
1286 1645 1497 1705 justitiam
1518 1682 1527 1697 ,
1545 1644 1670 1704 justi-

300 1712 433 1756 »tiam
449 1725 588 1757 autem
603 1732 702 1776 quae
723 1733 768 1760 ex
789 1716 873 1760 fide
898 1728 959 1761 est
977 1717 994 1745 7
1019 1734 1069 1761 z»
1091 1715 1364 1779 impetrando
1379 1732 1468 1760 eam
1493 1732 1538 1759 ex
1565 1716 1667 1764 Deo,

298 1797 385 1824 non
406 1798 450 1826 ex
469 1784 704 1846 semetipsis
724 1787 1039 1847 praesumendo.
1057 1808 1076 1826 «
1090 1786 1219 1830 lsrael
1236 1802 1334 1830 vero
1349 1784 1671 1848 persequensle-

300 1867 392 1909 gem
410 1854 609 1910 justiti-te,
627 1854 669 1898 in
684 1854 1102 1914 legeinjustitiaenon
1117 1856 1322 1918 pervenit.
1349 1856 1554 1910 «Θυίῃ-οῗ
1572 1853 1672 1916 quia

300 1941 322 1961 >³
338 1938 421 1966 non
437 1939 482 1967 ex
502 1923 602 1974 {ideq
621 1924 691 1969 sed
714 1936 916 1988 tanquam
935 1927 1198 1989 exoperibus
1218 1925 1264 1969 δε
1284 1925 1355 1970 »id
1373 1935 1451 1979 est,
1466 1935 1672 1987 tanquam

297 2006 320 2036 e
335 2009 390 2036 um
408 2010 482 2054 per
501 1995 749 2058 semetipsos
764 2007 1009 2058 operantes.
1032 2014 1117 2041 non
1140 1997 1182 2040 in
1203 2013 1244 2041 se
1264 1995 1486 2041 credentes
1505 1993 1674 2058 operari

302 2064 459 2110 Deum.
483 2085 498 2102 «
522 2065 636 2110 Deus
660 2077 721 2111 est
746 2067 857 2111 enim
884 2067 958 2129 qui
983 2078 1189 2129 operatur
1210 2066 1255 2111 in
1297 2065 1423 2110 nobis
1448 2075 1488 2110 et
1505 2064 1610 2109 velle
1634 2074 1676 2108 et

302 2135 510 2195 »operari
545 2153 624 2197 pro
650 2137 765 2181 bona
796 2137 1018 2182 voluntate
1037 2138 1069 2183 9.
1108 2138 1169 2182 Ac
1196 2154 1273 2199 per
1295 2136 1380 2181 hoe
1406 2135 1677 2181 offenderunt

306 2203 383 2247 »in
410 2203 598 2266 lapidem
616 2206 859 2252 offensionis
876 2206 929 2253 1⁰.
959 2208 1091 2251 »Nam
1104 2206 1209 2270 quid
1232 2206 1444 2251 dixerit22«
1464 2205 1578 2261 Quia
1590 2221 1676 2249 non

306 2293 327 2314 »
338 2290 383 2318 ex
402 2275 504 2330 fide,
519 2276 590 2321 sed
611 2288 817 2340 tanquam
838 2295 884 2323 ex
902 2278 1133 2341 operibus:
1159 2277 1453 2340 »apertissime
1466 2276 1676 2339 exposuit,

354 2373 484 2406 ¹Gata1.
508 2390 540 2409 ιι.
563 2389 617 2408 21.
636 2396 678 2401 ——
696 2377 792 2409 21¹sal
824 2389 924 2413 nxvn,
948 2389 997 2416 ις),
1011 2384 1040 2409 et
1060 2376 1165 2419 Ephes
1195 2390 1237 2413 μ’,
1255 2374 1368 2408 3.-3
1387 2380 1460 2407 Luc.
1480 2387 1550 2411 vrit,
1577 2376 1626 2408 18.
1645 2380 1677 2405 e!

307 2439 372 2465 xix,
395 2432 447 2459 26.
464 2448 509 2454 —
530 2429 543 2452 ⁴
563 2435 658 2465 Rom.
676 2442 726 2468 τη,
750 2435 801 2466 3ο,
818 2451 863 2457 —-
878 2431 892 2454 ⁵
909 2433 1009 2464 Galat.
1027 2442 1072 2468 ιιι,
1089 2436 1119 2464 8.
1137 2450 1182 2456 —
1199 2431 1214 2454 ⁶
1228 2433 1274 2464 ld*
1297 2442 1330 2469 u,
1351 2434 1400 2464 ¹5.
1420 2450 1459 2455 -
1478 2428 1491 2451 ⁷
1519 2435 1610 2463 Rom.
1632 2441 1676 2467 ix,

309 2485 362 2515 30-
382 2503 425 2508 -
440 2483 549 2517 ⁸1bid.
570 2490 623 2526 3:,
639 2490 691 2518 32⁴
707 2487 779 2512 -9
796 2487 913 2533 Philip.
929 2503 964 2530 μ,
990 2490 1037 2520 13.
1057 2506 1102 2512 -—
1122 2487 1150 2510 ¹⁰
1169 2492 1259 2520 Rom.
1276 2499 1322 2526 rx,
1345 2490 1398 2518 32.
