1763 2838
236 225 508 258 BREVICULUS
544 224 836 256 COLLATIONIS
873 225 964 257 CUM
999 224 1277 258 DONATISTIS.
1386 214 1446 270 45

71 294 202 341 bulis,
226 296 283 339 Et
297 311 397 340 cum
418 311 459 339 se
473 304 595 339 notas
609 293 805 352 ignorare
822 292 1037 348 dicerent,
1060 304 1252 357 petentes
1266 305 1314 340 ut
1327 295 1450 358 prius

72 365 131 410 eis
157 364 386 411 ederentur
410 376 525 425 gesta
550 364 796 428 conscripta
822 401 832 419 ‚
863 363 1071 423 Cognitor
1087 366 1239 425 jussit,
1262 376 1310 411 ut
1330 365 1451 428 quod

72 452 222 481 eorum
254 436 411 482 notarii
449 445 702 499 exceperant
735 434 914 498 perlatis
947 435 1174 481 codicibus
1192 435 1269 498 qui
1296 435 1453 495 signati

72 506 446 563 custodiebantur,
468 507 526 552 eis
540 505 809 561 recitaretur,
825 522 876 550 ne
890 515 1038 550 contra
1055 523 1182 551 suum
1193 523 1450 552 consensum

70 577 281 623 venirent.
310 577 511 641 Cumque
532 587 573 622 et
594 576 678 639 ipsi
694 592 809 638 saepe
828 574 881 620 de
899 586 1116 635 gestorum
1139 575 1327 622 editione
1348 593 1453 623 cau-

70 658 283 702 sarentur‚
318 648 439 711 quod
467 659 712 711 exceptores
738 663 825 692 non
857 646 1172 692 occurrisse11t1
1207 659 1320 707 gesta
1344 665 1450 694 con—

70 719 261 766 scribere
281 737 292 764 :
316 720 443 765 etiam
465 720 552 765 hoc
575 720 634 765 eis
652 735 904 782 responsum
929 728 990 763 est
1005 755 1015 773 ‚
1044 718 1161 781 quod
1187 719 1357 764 notaria
1377 736 1453 766 sua

70 788 168 834 ideo
190 807 231 835 se
248 790 400 853 petisse
415 789 609 835 dixerant
627 789 696 835 edi
716 789 799 834 sibi
822 788 1156 834 Catholicorum
1174 789 1449 848 mandatum,

71 869 121 904 ut
150 859 202 904 ad
227 871 483 922 praesentem
505 859 620 905 diem
642 859 839 905 instructi
854 870 1151 914 occurrerent,
1172 860 1276 923 quia
1294 877 1452 923 excep-

71 938 184 974 tores
215 946 442 976 occurrere
473 947 575 975 cum
594 941 811 990 gestorum
832 929 1020 975 editione
1040 947 1126 976 non
1150 942 1338 994 possent.
1366 932 1453 977 libi

70 1017 159 1046 non
188 1001 454 1048 invenientes
491 1001 598 1065 quid
637 1001 856 1057 dicerent,
889 1001 1122 1047 voluerunt
1153 1002 1310 1047 iterum
1335 1020 1455 1066 prec-

70 1071 350 1134 scriptionem
374 1072 460 1117 diei
491 1072 691 1118 refricare
711 1110 720 1127 ,
746 1072 799 1117 de
816 1089 902 1135 qua
923 1072 1064 1117 fuerat
1092 1073 1150 1117 eis
1174 1072 1273 1117 satis
1296 1089 1343 1117 su
1350 1090 1455 1135 per-

70 1159 156 1206 que
176 1160 430 1206 responsum
447 1181 457 1197 ‚
482 1154 522 1188 et
546 1143 647 1188 inde
662 1147 754 1202 jam
780 1144 921 1189 fuerat
943 1144 1087 1205 primo
1112 1143 1182 1188 die
1204 1145 1451 1192 transitum.

73 1212 157 1258 Sed
187 1223 288 1259 tunc
312 1213 369 1258 eis
385 1212 605 1258 Catholici
623 1213 752 1257 etiam
774 1213 827 1258 ad
851 1213 935 1257 hoc
962 1213 1310 1276 responderunt,
1333 1214 1456 1278 quod

71 1300 159 1329 non
191 1283 329 1329 solum
356 1284 401 1329 in
432 1283 574 1329 edicto
611 1283 858 1343 Cognitoris
894 1283 1190 1329 kalendarum
1225 1286 1456 1331 §Iuniarum

71 1353 161 1400 dies
180 1354 439 1400 constitutus
458 1354 669 1413 legeretur
689 1391 699 1409 ⁷
722 1354 793 1399 sed
812 1355 940 1399 etiam
964 1355 1046 1417 ipsi
1064 1366 1220 1400 octavo
1238 1355 1457 1403 lxalendas

71 1424 223 1470 Junias
246 1441 372 1470 suum
399 1424 656 1469 mandatum
682 1424 1064 1487 conscripsissent„
1097 1442 1196 1469 cum
1215 1429 1307 1485 jam
1335 1437 1458 1472 tran-

72 1495 190 1541 sisset
216 1495 333 1553 dies,
366 1512 452 1558 quo
482 1494 689 1539 dicebant
717 1495 782 1553 agi
818 1495 1017 1540 debuisse
1052 1513 1253 1552 causam,
1292 1497 1337 1542 id
1362 1508 1451 1554 est,

71 1566 423 1629 quarto-decimo
439 1565 655 1610 Kalendas
674 1566 840 1611 Junias.
870 1566 1047 1610 Dictum
1078 1577 1140 1610 est
1156 1567 1284 1612 etiam
1310 1569 1455 1630 ipsum

72 1637 346 1683 Primianum
374 1636 427 1681 ad
454 1636 672 1680 lxalendas
697 1637 846 1680 Junias
872 1652 913 1680 se
936 1636 1183 1698 pollicitum
1210 1655 1451 1686 occurrere.

74 1708 187 1765 Quae
206 1708 351 1754 onmia
373 1707 471 1753 ideo
493 1725 514 1752 a
538 1706 782 1751 Catholicis
797 1707 913 1751 dicta
939 1718 1037 1751 sunt
1057 1745 1066 1755 ,
1094 1708 1212 1771 quod
1232 1709 1457 1757 audierant

72 1797 143 1826 eos
171 1782 298 1826 etiam
320 1781 366 1825 in
388 1779 555 1843 populo
584 1795 660 1823 suo
689 1778 741 1823 de
766 1778 851 1824 hac
878 1796 920 1824 re
943 1779 1154 1825 invidiose
1178 1780 1347 1827 locutos
1372 1801 1382 1826 z
1416 1793 1457 1827 ct

73 1861 218 1897 tamen
242 1852 354 1897 inter
385 1851 483 1895 liaec
516 1850 662 1895 onmia
686 1849 747 1894 illi
777 1851 822 1894 in
856 1851 1044 1913 petenda
1075 1850 1282 1897 dilatione
1321 1853 1456 1899 vehe-

73 1922 333 1968 mentissime
353 1921 648 1984 perstiterunt.
680 1920 812 1976 Quod
829 1938 928 1966 cum
944 1921 1381 1969 vidissentCatliolici
1406 1924 1459 1969 ad

73 1993 161 2039 hoc
187 1994 244 2038 eis
266 1992 344 2038 diu
375 1992 551 2051 negari,
582 2001 630 2036 ut
653 2001 767 2050 gesta
805 1991 951 2036 multis
984 1992 1125 2037 verbis
1155 2005 1456 2049 onerarentur,

74 2065 290 2127 petierunt
317 2063 599 2122 Cognitorcni
619 2099 629 2117 ‚
665 2072 711 2106 ut
738 2062 795 2106 eis
819 2079 951 2124 quam
974 2063 1182 2123 petebant
1207 2063 1460 2108 dilationem

75 2134 344 2180 concederet.
376 2134 432 2178 Et
466 2150 668 2177 concessa
706 2144 767 2176 est
792 2150 856 2177 sex
883 2132 1051 2177 dierum
1076 2132 1227 2178 dilatio
1247 2171 1257 2188 ‚
1284 2151 1462 2196 respon-

75 2205 281 2251 dentibus
313 2204 615 2266 exceptoribus
638 2239 648 2257 ,
692 2202 869 2265 quando
905 2203 1037 2247 editio
1075 2215 1289 2262 gestorum
1319 2216 1463 2267 posset

75 2293 303 2322 occurrere
322 2311 333 2329 ‚
356 2286 398 2320 et
431 2274 514 2319 illis
547 2273 907 2336 promittentibus
924 2311 933 2328 ‚
963 2291 1062 2318 cum
1088 2286 1203 2334 gesta
1227 2275 1341 2322 edita
1364 2276 1462 2321 fue-

74 2347 163 2393 rint
178 2384 188 2403 ,
212 2364 253 2392 se
271 2348 357 2392 suis
382 2344 765 2408 prosecutionibus
787 2344 1126 2407 subscripturos.

124 2446 135 2468 ¹
158 2449 251 2477 Forte
269 2446 460 2490 potuissent.
