1763 2838
249 211 304 260 72
668 215 702 244 s.
745 213 986 248 Ausus'rrru
1023 218 1225 252 EPISCOPI

242 278 423 324 crimine
446 279 643 324 confiteri
672 295 682 323 ε
728 281 806 344 qui
836 292 978 327 tamen
1008 301 1096 329 non
1119 286 1348 349 scripserat
1374 306 1415 335 se
1445 300 1618 336 sanctos

243 349 412 395 codices
442 350 689 407 tradidisse,
716 352 788 397 sed
817 354 960 415 potius
987 372 1039 400 ne
1063 373 1087 400 a
1119 360 1469 419 persecutoribus
1495 361 1622 407 inve-

242 423 440 466 nirentur
464 421 686 467 abstulisse
718 433 846 486 atque
867 441 1047 469 servasse
1066 445 1076 479 3
1094 426 1303 474 dimisisse
1321 441 1463 476 autem
1476 431 1521 475 in
1540 431 1622 477 ba-

244 491 363 536 silica
376 492 556 537 Novoru
564 510 601 537 m
618 510 907 557 quaecumque
922 496 1107 558 reproba
1121 498 1283 560 scripta
1295 499 1598 546 haereticorum
1608 539 1619 557 ‚

244 578 344 624 quse
366 578 467 607 cum
501 563 758 609 invenissent
790 576 1080 627 persecutores
1103 577 1145 612 et
1180 569 1484 626 abstulissent,
1508 571 1620 616 nihil

244 632 300 676 ab
321 631 394 676 illo
418 632 603 695 amplius
621 634 869 696 postulasse.
887 636 1198 682 Verumtamen
1217 639 1424 701 quosdam
1439 639 1623 686 Cartha-

244 702 426 760 ginensis
448 703 611 749 ordinis
630 705 744 750 viros
763 716 908 767 postea
939 707 1188 766 suggessisse
1213 709 1484 771 proconsuli,
1506 710 1624 773 quod

242 772 359 817 illusi
378 773 550 819 fuerant
571 776 646 838 qui
678 776 791 821 missi
816 788 938 822 erant
964 778 1017 823 ad
1047 778 1397 825 Christianorum
1421 780 1624 843 Scriptu-

244 858 312 887 ras
341 842 593 889 auferendas
614 857 656 890 et
680 846 971 892 incendendas
990 885 999 903 ‚
1023 849 1123 911 quia
1152 866 1239 894 non
1260 850 1511 896 invenerant
1539 851 1619 896 nisi

244 913 387 957 nescio
411 931 509 976 quae
535 915 588 960 ad
614 933 683 961 eos
707 934 793 962 non
813 918 1099 980 pertinentia3
1120 919 1234 982 ipsas
1264 931 1405 966 autem
1427 921 1474 966 in
1490 921 1621 966 domo

246 982 441 1046 episcopi
474 985 710 1041 custodiri,
743 988 859 1032 unde
892 987 1100 1034 deberent
1123 990 1305 1052 proferri
1341 1002 1382 1035 et
1414 990 1622 1037 incendi:

247 1054 553 1116 proconsulem
584 1073 685 1101 vero
703 1056 757 1101 ad
782 1058 869 1102 hoc
890 1057 948 1102 eis
979 1060 1217 1104 consentire
1244 1060 1440 1107 noluisse.
1468 1062 1519 1105 In
1541 1061 1627 1106 eis-

250 1123 347 1169 dem
363 1125 491 1170 etiam
508 1126 660 1172 litteris
679 1127 839 1172 lectum
858 1139 920 1172 est
940 1146 1027 1183 eos,
1045 1129 1121 1191 qui
1145 1146 1187 1174 se
1207 1131 1406 1176 offerrent
1422 1147 1628 1194 persecu-

251 1195 442 1241 tionibus
465 1215 552 1243 non
575 1199 906 1261 comprehensi,
947 1210 987 1244 et
1021 1200 1135 1244 ultro
1161 1200 1355 1246 dicerent
1391 1218 1432 1246 se
1465 1202 1628 1247 habere

250 1265 514 1328 Scripturas,
538 1284 644 1329 quas
660 1285 747 1313 non
770 1268 1003 1322 traderent,
1029 1287 1049 1313 a
1070 1270 1232 1332 quibus
1252 1270 1337 1315 hoc
1364 1288 1490 1316 nemo
1512 1288 1630 1334 quae-

250 1336 396 1392 sim-at,
426 1338 695 1401 displicuisse
726 1340 944 1385 Mensurio
967 1377 977 1395 ‚
1004 1351 1046 1385 et
1066 1341 1121 1385 ab
1145 1342 1203 1386 eis
1227 1342 1494 1387 honorandis
1529 1359 1629 1388 eum

249 1408 529 1470 prohibuisse
555 1410 838 1458 Christianos.
879 1410 1071 1467 Quidam
1097 1411 1223 1456 etiam
1255 1411 1300 1457 in
1326 1412 1474 1458 eadem
1498 1413 1630 1476 Epis-

250 1480 339 1526 tola
361 1478 592 1526 facinorosi
616 1481 908 1540 arguebantur
940 1492 981 1526 et
1010 1482 1102 1527 fisci
1136 1481 1349 1528 debitores
1369 1520 1379 1539 ‚
1402 1483 1478 1546 qui
1504 1500 1627 1529 occa-

252 1551 370 1597 sione
394 1550 705 1614 persecutionis
741 1550 807 1597 vel
832 1567 975 1596 carere
997 1551 1158 1596 vellent
1188 1568 1363 1597 onerosa
1382 1551 1528 1597 multis
1551 1551 1631 1597 de-

253 1623 356 1667 bitis
381 1622 469 1666 vita
488 1658 498 1677 ,
538 1621 607 1665 vel
646 1638 833 1683 purgare
874 1638 914 1666 se
948 1631 1181 1683 putarent,
1222 1633 1263 1667 et
1306 1622 1428 1685 quasi
1459 1621 1632 1668 abluere

252 1691 446 1738 facinora
464 1707 556 1745 sua„
585 1691 651 1735 vel
671 1701 783 1736 certe
804 1690 1025 1753 acquirere
1049 1691 1299 1753 pecuniam,
1321 1702 1362 1736 et
1377 1691 1422 1736 in
1435 1692 1632 1737 custodia

256 1762 421 1808 deliciis
448 1760 614 1823 perfrui
639 1760 691 1805 de
726 1761 933 1822 obsequio
960 1761 1323 1808 Christianorum.
1363 1761 1539 1806 Crimen
1559 1771 1631 1806 ta-

254 1850 354 1878 men
379 1832 613 1878 Donatistae
638 1848 724 1877 non
749 1831 1003 1891 ingerebant
1026 1833 1266 1887 Mensurio,
1287 1831 1372 1878 nisi
1389 1831 1441 1877 de
1463 1831 1633 1878 codici-

254 1904 339 1949 bus
364 1902 531 1948 traditis
556 1920 566 1946 :
594 1903 823 1947 mentitum
855 1919 951 1947 eum
978 1903 1145 1965 quippe
1176 1903 1407 1958 dicebant,
1429 1902 1548 1966 quod
1569 1903 1633 1948 illi

253 1991 342 2019 non
359 1973 520 2018 fuerint
544 1973 715 2019 codices
741 1973 877 2018 sancti
896 2009 907 2028 ‚
936 1984 977 2018 et
994 1983 1224 2036 peccatum
1248 1989 1372 2019 suum
1399 1983 1536 2033 tegere
1558 1990 1632 2018 vo-

252 2045 407 2098 luisse3
430 2044 628 2107 quamvis
648 2054 689 2088 et
716 2044 853 2106 ipsam
879 2044 1096 2089 fictionem
1125 2044 1473 2090 criminarentur.
1506 2044 1632 2089 Reci-

252 2125 402 2160 tarunt
440 2115 569 2159 etiam
603 2115 809 2176 rescripta
850 2113 1037 2159 Secundi
1075 2113 1300 2173 Tigisitani
1339 2114 1393 2158 ad
1432 2112 1632 2158 eumdem

257 2185 522 2229 Mensurium
543 2186 724 2246 pacifice
742 2185 844 2230 data
864 2221 874 2240 ,
902 2184 979 2230 ubi
1003 2195 1043 2229 et
1066 2184 1157 2247 ipse
1187 2184 1396 2239 narravit,
1413 2183 1459 2228 in
1482 2182 1634 2228 Numi-

254 2255 326 2300 dia
368 2265 665 2317 persecutores
689 2271 790 2317 quae
831 2255 995 2313 egerint
1017 2272 1026 2298 :
1062 2265 1103 2299 et
1140 2255 1215 2318 qui
1255 2253 1555 2317 comprehensi
1593 2263 1635 2298 et

255 2326 504 2389 Scripturas
531 2335 696 2370 sanctas
721 2325 890 2370 tradere
914 2324 1105 2369 nolentes
1121 2362 1130 2379 ,
1158 2336 1199 2369 et
1229 2325 1363 2370 multa
1384 2323 1497 2369 mala
1519 2323 1634 2386 passi

251 2408 293 2442 et
312 2396 572 2456 gravissimis
603 2396 831 2459 suppliciis
854 2396 1087 2441 excruciati
1105 2406 1146 2440 et
1168 2395 1299 2441 occisi
1324 2405 1423 2440 sunt
1444 2412 1454 2439 ε
1478 2410 1633 2456 eosque

250 2465 532 2514 honorandos
556 2483 637 2529 pro
666 2466 860 2529 martyrii
886 2467 949 2511 sui
975 2465 1129 2511 merito
1150 2464 1501 2520 commendavit,
1533 2463 1632 2517 lau-

250 2538 357 2583 dans
383 2553 454 2582 eos
475 2554 559 2581 non
585 2537 806 2582 tradidisse
826 2537 1076 2599 Scripturas
1098 2546 1284 2588 sanctas3
1309 2534 1422 2581 illius
1442 2534 1633 2580 mulieris
