1763 2838
281 186 552 217 ssssizvrcrtus
588 184 879 216 commotus
915 184 1006 216 CUM
1041 182 1321 218 noNArlsns,
1433 189 1489 234 77

119 262 237 297 retur
256 252 479 299 Caeciliani
509 251 751 307 damnatio,
788 251 906 314 quod
937 251 990 297 ad
1013 262 1074 296 tot
1092 251 1331 297 sacerdotes
1350 252 1497 299 venire

118 321 326 376 noluerit;
345 322 463 385 quasi
485 340 571 368 non
588 333 629 367 et
653 322 899 367 Primianus
920 321 972 366 ad
989 339 1058 367 eos
1079 340 1100 367 a
1122 322 1284 385 quibus
1308 322 1495 370 damna·-

120 403 188 438 tus
211 405 288 449 est,
315 411 414 439 cum
436 410 584 439 eorum
606 393 838 439 factionem
864 403 1155 452 cognosceret,
1185 393 1313 438 simili
1330 394 1491 440 volun-

119 473 205 508 tate
222 481 310 509 non
346 465 510 510 venerit
532 482 542 509 ε
578 474 618 509 et
641 464 758 526 quod
784 481 867 509 non
894 463 1182 525 expectaverit
1205 463 1465 510 Caecilianus
1481 502 1492 522 ‚

120 545 168 580 ut
191 536 396 599 princeps
432 553 453 580 a
477 535 680 599 principe
719 535 990 580 ordinaretur
1009 554 1020 587 ;
1041 552 1163 586 ,cum
1195 534 1313 581 aliud
1335 536 1498 583 habeat

119 606 323 651 Ecclesiae
358 607 590 653 catholicae
624 605 910 660 consuetudo,
953 616 1001 651 ut
1042 622 1130 650 non
1158 606 1396 662 Numidiae,
1424 608 1497 654 sed

114 677 450 740 propinquiores
487 677 678 740 episcopi
710 677 967 740 episcopum
992 675 1194 721 Ecclesiae
1219 676 1498 737 Carthaginis

119 747 356 793 ordinent:
384 748 494 793 sicut
516 766 594 794 nec
635 750 845 793 Romanae
891 746 1094 792 Ecclesiae
1131 747 1306 792 ordinat
1341 748 1496 812 aliquis

119 818 368 881 episcopus,
384 818 748 881 metropolitanus
762 817 833 863 sed
851 817 903 863 de
928 819 1125 880 proximo
1152 817 1359 863 Ostiensis
1381 820 1498 882 epis-

119 905 269 950 copus.
301 889 397 934 Hoc
428 900 569 934 autem
611 888 804 934 dicentes
825 887 878 933 de
903 905 978 933 sua
1003 888 1334 943 consuetudine,
1362 907 1496 952 quam

116 957 260 1002 nescio
280 958 458 1021 quando
481 959 776 1013 instituerunt,
797 958 1000 1004 Ecclesiae
1023 958 1254 1003 catholicae
1284 959 1501 1021 prfejtidi-

116 1045 215 1073 care
238 1029 538 1075 conabantur:
564 1047 664 1093 quae
700 1029 974 1074 consuetudo
1005 1029 1037 1073 si
1065 1030 1243 1092 antiqua
1263 1041 1385 1084 esset,
1414 1031 1499 1076 hoc

117 1098 260 1162 ipsum
284 1099 540 1158 objecissent
556 1100 808 1155 Caeciliano.
828 1099 1003 1162 quando
1016 1116 1112 1144 eum
1130 1100 1350 1144 absentem
1371 1101 1502 1146 dam-

118 1182 344 1218 naverunt.
379 1174 588 1219 Dixerunt
611 1174 738 1218 etiam
755 1173 976 1235 scripsisse
998 1173 1231 1234 Optatum.
1254 1173 1373 1235 quod
1399 1177 1502 1219 Cae-

119 1242 299 1287 cilianus
318 1241 471 1287 dixerit
500 1262 509 1288 :
531 1265 550 1285 a
570 1244 613 1288 Si
633 1243 858 1288 traditores
874 1254 973 1287 sunt
994 1243 1067 1305 qui
1091 1260 1156 1287 me
1170 1243 1499 1302 ordinaverunt,

119 1312 203 1375 ipsi
237 1312 428 1367 veniant,
455 1325 496 1358 et
519 1314 721 1359 ordinent
760 1331 841 1359 nie.
868 1334 888 1354 ³>
928 1313 1061 1369 Quod
1084 1313 1260 1376 quidem
1280 1315 1312 1359 si
1335 1306 1501 1362 dictuni

121 1393 199 1439 est,
221 1383 317 1429 ideo
337 1383 423 1428 dici
451 1385 591 1447 potuit
614 1384 665 1430 ad
694 1384 787 1429 illos
802 1383 1064 1431 irridendos.
1095 1385 1258 1447 quibus
1279 1385 1365 1431 hoc
1385 1405 1504 1432 man-

122 1453 240 1498 dasse
266 1454 541 1517 perhibetur,
581 1454 789 1518 quoniam
817 1465 960 1499 certus
987 1465 1077 1498 erat
1109 1454 1378 1501 ordinatores
1403 1474 1500 1502 suos

122 1541 210 1568 non
233 1542 320 1569 esse
350 1525 589 1571 traditores.
633 1526 727 1569 Non
753 1525 866 1569 enim
893 1525 969 1576 ait,
992 1526 1094 1586 quia
1119 1525 1348 1571 traditores
1365 1539 1463 1573 sunt
1492 1547 1502 1573 ι

125 1594 228 1647 Sed,
257 1616 276 1635 «
294 1595 579 1640 Sitraditores
590 1606 689 1640 sunt
714 1613 723 1639 ε
746 1616 764 1635 >>
781 1606 829 1639 ut
847 1595 1092 1639 innocentia
1109 1612 1256 1641 eorum
1274 1598 1503 1660 probanda

124 1676 319 1720 restaret,
342 1665 418 1709 ubi
444 1666 623 1727 probari
645 1676 757 1709 recte
780 1666 1007 1726 potuisset.

194 1738 332 1782 XXX.
376 1735 443 1780 Ad
483 1735 599 1791 haec,
630 1746 670 1780 et
713 1736 744 1780 si
768 1752 867 1798 quae
890 1735 972 1780 alia
1007 1735 1171 1797 prolixa
1205 1741 1507 1799 prosecutione

128 1807 346 1863 dixerunt,
381 1806 570 1851 breviter
590 1805 903 1869 responderunt
924 1805 1159 1862 Catholici,
1204 1825 1291 1854 non
1318 1811 1509 1857 sufficere

135 1877 187 1922 ad
226 1894 399 1922 causam
440 1876 664 1922 Caeciliani
705 1876 1044 1935 Carthaginense
1085 1877 1323 1924 concilium
1342 1919 1352 1936 ‚
1393 1882 1508 1944 ipsos

128 1949 257 1994 etiam
272 1947 502 2008 judicasse..
525 1948 600 2010 qui
629 1964 720 1992 eam
743 1947 797 1991 ad
822 1949 1132 2010 Imperatorem
1162 1951 1407 1997 accusando
1426 1954 1512 1998 ini-

130 2029 276 2064 serunt
299 2038 309 2072 ς
335 2019 454 2064 etsie
492 2018 843 2063 demonstrarunt
864 2019 950 2063 hoc
982 2019 1126 2080 potius
1161 2036 1248 2064 esse
1276 2034 1511 2084 expectan-

131 2089 255 2144 dum,
273 2106 359 2152 quo
383 2106 447 2133 res
462 2089 703 2152 pervenerit
722 2107 856 2152 usque
872 2089 925 2134 ad
942 2090 1218 2151 Imperatoris
1236 2095 1508 2153 sententiam,

132 2161 203 2205 cui
227 2159 420 2211 eamdem
448 2176 620 2203 causam
649 2160 905 2204 mittendam
930 2159 1160 2204 duxerunt.
1189 2160 1285 2205 Hoc
1305 2164 1513 2212 eniniCa-

133 2229 288 2274 tholici
314 2228 536 2272 instabant
553 2264 563 2281 ,
586 2239 634 2272 ut
651 2229 856 2273 omnihus
884 2245 1099 2273 morarum
1126 2230 1397 2279 umbraculis
1418 2253 1513 2281 am-

134 2299 298 2362 putatis
322 2298 394 2342 illa
423 2299 567 2360 potius
599 2299 866 2357 legerentur,
907 2299 1067 2361 quibus
1100 2299 1220 2344 lectis
1245 2301 1348 2347 olim
1391 2322 1519 2355 causa

136 2369 259 2414 finita
281 2405 291 2414 .
325 2379 365 2412 et
398 2368 622 2413 Caeciliaui
660 2369 905 2413 innocentia
938 2368 1207 2415 manifestata
1241 2370 1337 2417 luce
1366 2375 1522 2426 clarius

140 2449 388 2503 appareret.
417 2438 528 2494 Quae
549 2440 788 2484 Donatistae
811 2451 857 2485 ut
877 2439 1118 2498 legerentur
1135 2477 1145 2496 ‚
1174 2443 1351 2489 omnino
1373 2449 1522 2496 nolen-

138 2520 215 2564 tes,
233 2508 453 2572 quidlibet
475 2508 593 2555 aliud
613 2509 931 2573 interponendo
949 2508 1261 2573 impediebant.
1285 2514 1397 2563 Nam
1419 2537 1517 2567 cum
