1763 2838
236 154 264 199 6
662 168 697 197 s,
740 163 982 195 mausum
1017 163 1219 194 El’lscom

237 233 366 279 etiam
387 231 609 278 Trinitatis
627 230 790 276 unitate
808 228 1125 274 dissentientem
1144 228 1398 275 haoreticum
1414 228 1604 287 invenio,

237 314 440 349 ettamen
471 302 713 362 evangelica
746 313 786 346 et
815 299 1099 345 ecclesiastica
1128 300 1273 359 regula
1306 301 1604 364 baptizatum3

238 374 507 420 intellectum
532 372 720 419 bominis
755 371 948 431 corrng
982 388 1069 415 11011
1103 371 1181 415 Dei
1210 371 1323 417 violo
1359 390 1608 418 sacramen-

239 455 347 490 tum.
379 447 556 507 Loquor
576 443 628 487 de
651 442 815 487 Juda‘is
838 452 878 487 et
901 441 1186 486 schismaticis
1212 442 1277 487 vel
1294 442 1512 488 haereticis
1526 443 1607 488 sub

240 515 403 560 Christi
431 525 668 576 utcumque
690 513 863 558 nomine
886 511 1143 558 errantibus.

303 586 354 631 V.
386 588 448 630 De
465 585 569 647 ipsis
602 584 835 644 gentilibus
868 584 1172 646 idolorumque
1205 582 1448 628 cultoribus
1471 583 1609 630 multa

238 655 388 717 utique
414 672 436 700 a
460 655 586 700 nobis
609 654 854 700 diversitate
877 655 1140 700 distantibus
1156 690 1167 709 ,
1195 653 1308 698 nihil
1331 653 1451 699 aliud
1483 654 1610 699 nobis

239 725 507 770 demonstrat
533 724 766 788 Apostolus
782 763 791 780 ‚
820 726 900 770 nisi
925 736 971 771 ut
994 726 1037 771 in
1062 724 1164 787 ipsis
1188 741 1361 786 quoque
1383 724 1442 769 ita
1473 723 1609 787 (111ίᾶ,-

239 794 347 857 quid
382 812 567 858 pravum
594 806 655 840 est
686 795 976 854 corrigamus,
1009 806 1056 840 ut
1081 795 1199 857 quod
1229 794 1336 839 sorte
1359 805 1524 840 rectum
1549 804 1610 840 est

240 866 546 927 approbemus.
589 867 699 910 Nam
720 865 869 928 utique
901 865 1152 911 idololatras
1171 902 1180 919 ‚
1202 876 1243 910 et
1268 865 1387 927 quod
1423 875 1484 910 est
1507 882 1609 924 gra-

237 936 333 981 vius
348 973 358 991 ,
383 954 469 981 11011
492 948 660 982 tantum
685 938 872 983 cultores
890 973 900 993 ,
937 938 1009 983 sed
1042 938 1170 983 etiam
1187 938 1453 982 institutores
1472 939 1610 983 simu-

238 1005 456 1052 lacrorum
497 1008 813 1068 redarguebat,
861 1009 939 1053 ubi
976 1009 1034 1053 ait
1072 1026 1082 1053 ε
1129 1029 1147 1049 α
1178 1008 1216 1064 Q
1226 1008 1266 1053 ui
1307 1019 1609 1067 cognoscentes

238 1096 259 1117 »
278 1078 444 1134 Deum,
483 1096 571 1124 non
606 1079 718 1123 sicut
754 1083 895 1123 Deum
927 1078 1304 1137 glorificaverunt,
1345 1088 1419 1123 aut
1454 1080 1611 1137 gratias

239 1167 261 1188 2>
280 1159 483 1206 egerunt,
510 1148 582 1194 sed
605 1158 876 1194 evanuerunt
902 1149 946 1193 in
967 1148 1304 1207 cogitationibus
1327 1149 1413 1193 suis
1429 1185 1439 1203 ,
1468 1159 1510 1193 et
1526 1149 1611 1194 ob-

237 1237 258 1258 »
276 1230 494 1265 scuratum
522 1230 583 1265 est
611 1219 817 1281 insipiens
846 1236 921 1264 cor
945 1236 1108 1265 eorum.
1140 1219 1341 1264 Dicentes
1359 1236 1401 1263 se
1423 1235 1509 1263 esse
1539 1236 1610 1264 sa·-

239 1308 260 1329 »
278 1289 442 1351 pientes
459 1327 469 1345 ,
492 1290 612 1335 stulti
632 1289 735 1336 facti
759 1300 859 1335 sunt
880 1308 889 1335 ε
910 1302 951 1335 et
974 1290 1316 1335 immutaverunt
1338 1289 1516 1349 gloriam
1537 1290 1609 1336 in-

240 1379 260 1399 »
281 1360 579 1422 corruptibilis
598 1360 674 1405 Dei
693 1362 737 1405 in
754 1360 1080 1406 similitudinem
1095 1361 1294 1420 imaginis
1311 1360 1610 1423 corruptibilis

236 1449 258 1470 2>
279 1429 467 1476 hominis
484 1468 495 1487 ‚
533 1441 575 1476 et
601 1430 828 1477 volucrum
848 1469 859 1487 ‚
897 1441 938 1476 et
966 1430 1303 1494 quadrupedum
1322 1469 1333 1487 ,
1366 1441 1408 1476 et
1430 1448 1610 1493 serpen-

237 1519 257 1540 »
278 1500 427 1546 tium1.
455 1523 474 1542 »
500 1501 622 1546 Talia
646 1503 812 1564 quippe
831 1503 1028 1549 novimus
1052 1502 1179 1547 fuisse
1203 1502 1434 1547 simulacra
1452 1503 1610 1565 AEgyp-

236 1570 393 1616 tiorum
412 1608 422 1627 ‚
475 1572 552 1617 ubi
592 1583 632 1617 et
677 1573 873 1618 instituta
914 1590 999 1618 esse
1048 1573 1334 1636 multiplicior
1383 1572 1610 1634 multoque

234 1640 560 1699 ignominiosior
591 1642 833 1688 idololatria
876 1644 1149 1706 perhibetur.
1196 1643 1425 1705 Numquid
1463 1653 1609 1688 tamen

236 1712 526 1771 cognitionem
562 1714 641 1758 Dei
676 1714 847 1773 negavit
874 1715 918 1760 in
950 1714 1035 1760 illis
1070 1714 1222 1769 fuisse,
1262 1731 1312 1759 ac
1344 1732 1431 1760 non
1464 1714 1610 1777 potius

236 1783 528 1839 confirmavit,
547 1783 719 1829 dicens:
744 1807 762 1825 κ
780 1788 1094 1845 Cognoscentes
1117 1787 1271 1838 Deum,
1292 1801 1379 1830 non
1400 1795 1449 1830 ut
1472 1786 1609 1830 Deum

237 1875 257 1894 2>
278 1852 662 1913 glorificaverunt?
682 1878 700 1896 »
727 1855 771 1901 Si
800 1873 898 1915 crgo
931 1856 1054 1901 istam
1086 1856 1375 1915 cognitionem
1404 1866 1609 1919 tanquam

235 1923 508 1969 mendacium
538 1925 742 1987 repellere
766 1936 805 1971 et
835 1925 1052 1985 destruere
1077 1937 1308 1972 conaretur
1326 1964 1336 1982 ‚
1371 1926 1491 1990 quod
1514 1943 1609 1971 eam

231 1994 276 2038 in
299 1994 514 2053 sacrilegis
533 1995 786 2050 invenissem
812 2013 952 2041 nonne
976 2033 986 2045 ,
1013 1996 1133 2059 quod
1154 1997 1267 2041 absit
1287 2033 1297 2052 ‚
1321 1996 1508 2041 veritatis
1527 1995 1608 2040 ini-

231 2064 370 2109 micus
393 2065 615 2110 existeret?
640 2065 828 2129 Ideoque
848 2066 892 2111 id
916 2066 1036 2129 qnod
1059 2067 1401 2113 immutaverunt
1420 2067 1465 2112 in
1484 2083 1607 2111 men-

233 2134 406 2179 dacium
431 2151 556 2180 suum
580 2155 591 2188 ;
630 2154 729 2180 nam
763 2148 803 2181 ct·
829 2137 904 2183 hic
930 2137 1066 2182 dixit:
1094 2159 1113 2178 «
1133 2139 1481 2183 lminutaverunt
1513 2137 1608 2196 glo-

233 2206 379 2251 »riam
406 2205 508 2259 Dei,
538 2207 581 2250 iu
612 2207 937 2253 similitudinem
971 2208 1172 2267 imaginis
1195 2208 1495 2271 corruptibilis
1520 2208 1608 2253 ho-

230 2276 395 2322 »minis
418 2293 427 2319 :
451 2298 469 2316 »
497 2275 623 2320 talem
648 2277 809 2322 scilicet
831 2280 1039 2336 lingentes
1067 2280 1207 2323 Deum
1227 2316 1237 2333 ‚
1270 2278 1409 2342 qualis
1434 2296 1518 2323 non
1542 2289 1606 2323 est

232 2348 364 2403 Deus,
384 2357 424 2392 et
443 2364 528 2391 11011
544 2347 654 2392 sicut
672 2364 769 2392 eum
789 2360 1088 2407 cognoverunt
1107 2348 1317 2394 tradentes
1335 2348 1603 2394 hominibus.

226 2419 281 2463 Et
299 2417 430 2481 paulo
454 2428 551 2480 post
570 2417 623 2462 de
645 2418 804 2465 talibus
823 2419 930 2465 dicit
957 2436 967 2464 ε
998 2440 1017 2461 α
1050 2420 1138 2477 Qui
1160 2420 1506 2466 immutaverunt
1524 2436 1604 2466 ve-

281 2501 292 2523 ¹
317 2505 410 2533 Rom.
437 2513 464 2539 1,
486 2507 601 2537 21—24.
