1763 2838
274 166 333 210 60
673 174 707 203 s.
752 171 992 202 Auensnm
1029 171 1245 203 muscom.

274 243 519 307 baptismus
542 257 629 286 non
656 237 926 293 destruatur3
951 237 1060 282 sicut
1079 237 1468 283 anathematizatur
1487 236 1645 301 iniqui-

275 327 338 361 tas
363 314 612 360 daemonum
631 347 641 363 ,
679 309 875 371 quamvis
904 308 947 353 in
979 325 1127 354 eorum
1150 308 1412 355 confessione
1448 309 1645 355 auditum

274 402 432 430 nomen
454 381 627 427 Domini
652 397 738 424 non
763 389 953 438 negetur.

338 456 465 501 XIII.
497 454 561 497 De
588 450 962 513 persecutionibus
992 449 1119 494 etiam
1150 466 1256 512 quas
1281 451 1451 514 perpeti
1472 468 1513 495 se
1536 467 1647 513 que-

275 536 432 572 runtur
448 561 458 579 ‚
482 521 617 568 multa
639 522 684 566 in
708 521 793 566 suis
823 520 974 565 litteris
994 531 1233 582 posuerunt
1255 539 1265 565 ε
1290 538 1369 566 nec
1396 531 1539 566 tamen
1558 538 1649 566 res-

276 594 467 660 pondere
485 593 574 638 ausi
596 603 695 637 sunt
709 591 763 636 ad
784 590 891 636 illud
907 590 1025 654 quod
1041 590 1085 635 in
1101 591 1304 636 mandato
1322 590 1650 636 Catholicorum

277 665 549 719 dictumest,
578 661 694 725 quod
718 661 800 724 ipsi
827 662 1029 725 primitus
1062 660 1178 724 apud
1205 661 1537 706 Constantinum
1564 661 1650 706 im·-

274 745 519 800 peratorem
557 742 867 777 accusaverunt
899 731 1213 784 Caecilianum3
1249 731 1324 794 qui
1361 730 1414 776 de
1451 732 1650 793 Impera-

277 817 418 851 torum
468 803 635 863 legibus
669 812 1021 864 conqueruntur„
1067 800 1276 846 invidiam
1320 800 1652 846 Catholicorum

277 884 597 934 exaggerantes„
626 873 712 919 sive
736 883 918 927 mortes,
952 889 1059 935 quas
1089 889 1236 917 eorum
1269 870 1652 918 Circumcelliones

277 945 556 1007 sibimetipsis
584 944 775 988 inserunt
793 981 802 999 ‚
825 944 910 988 sive
929 943 1101 988 omnia1
1121 961 1221 1007 quae
1239 961 1326 988 non
1344 959 1425 1006 pro
1449 958 1653 987 commu-

277 1017 405 1062 nione
443 1014 633 1069 Donati,
668 1013 740 1058 sed
770 1031 850 1076 pro
884 1014 1116 1059 sceleribus
1146 1015 1307 1078 quibus
1331 1013 1539 1059 violenter
1570 1029 1654 1058 sae-

277 1088 433 1142 viunt‚
472 1084 717 1147 nefarieque
742 1085 921 1139 vivunt,
958 1101 1034 1146 per
1076 1084 1186 1143 leges
1215 1082 1416 1146 publicas
1454 1081 1655 1146 discipli-

278 1173 439 1219 nasque
471 1156 699 1219 patiuntur
730 1172 740 1199 ε
776 1154 888 1199 sicut
919 1155 1047 1199 etiam
1081 1153 1134 1198 de
1167 1153 1348 1217 Oppido
1384 1152 1653 1213 Vagaitano²

279 1241 633 1273 commemorasse
661 1225 750 1269 ausi
775 1235 905 1277 sunt3
937 1225 1013 1269 ubi
1043 1224 1360 1269 manifestatum
1386 1234 1472 1279 est,
1492 1234 1657 1286 quanta

278 1298 390 1342 mala
415 1295 710 1341 commiserint
729 1331 739 1349 ‚
760 1305 801 1339 et
819 1311 950 1358 quam
971 1293 1136 1338 minora
1161 1293 1351 1356 perpessi
1370 1303 1486 1343 sunt,

342 1368 461 1414 XIV.
510 1365 577 1412 Ad
614 1365 723 1410 illud
762 1382 939 1429 quoque
973 1365 1017 1409 in
1055 1364 1387 1410 Catholicorum
1416 1363 1653 1421 mandato,

279 1438 398 1502 quod
424 1438 591 1483 dictum
623 1447 685 1481 est
704 1436 756 1481 de
780 1436 1043 1499 purgatione
1067 1446 1108 1479 et
1132 1435 1404 1480 absolutione
1430 1434 1657 1480 Caeciliani

280 1520 320 1555 et
349 1508 500 1553 Felicis
538 1507 845 1570 Aptuginensis
868 1544 877 1561 ,
916 1506 969 1550 de
1007 1522 1194 1567 quorum
1234 1505 1493 1550 criminibus
1539 1503 1657 1567 apud

278 1581 504 1644 imperitos
538 1579 735 1624 solebant
768 1578 1008 1625 Catholicis
1041 1596 1239 1638 magnam
1270 1577 1479 1623 invidiam
1506 1577 1659 1623 conci-

279 1662 397 1704 tare3
420 1668 520 1696 cum
548 1650 638 1694 illic
663 1660 750 1694 tota
773 1666 900 1694 causa
932 1659 1111 1711 propter
1135 1665 1264 1711 quam
1291 1658 1497 1694 venerant
1516 1685 1526 1702 ‚
1556 1665 1658 1693 ver-

281 1732 468 1776 saretur,
494 1720 605 1765 nihil
632 1720 809 1765 omnino
839 1719 1098 1782 respondere
1116 1719 1161 1763 in
1196 1729 1280 1763 tam
1302 1718 1479 1781 prolixis
1507 1718 1659 1764 litteris

277 1792 510 1838 voluerunt
531 1808 540 1835 :
569 1791 670 1853 quia
689 1801 729 1835 et
747 1791 790 1835 in
813 1808 862 1835 eo
882 1790 999 1852 quod
1025 1789 1258 1843 dicebant,
1286 1799 1326 1833 et
1351 1788 1510 1834 divinis
1535 1788 1658 1834 testi·-

279 1862 436 1908 moniis
457 1862 576 1907 velut
602 1862 881 1916 astruebant,
918 1877 1005 1904 non
1030 1877 1115 1905 esse
1144 1859 1282 1904 malos
1305 1859 1350 1904 in
1377 1858 1569 1904 Ecclesia
1588 1869 1658 1904 to-

279 1932 478 1978 lerandos
495 1969 505 1984 ,
531 1931 603 1976 sed
631 1931 685 1976 ab
703 1931 761 1975 eis
781 1929 1068 1975 recedendum
1092 1940 1274 1992 propter
1292 1928 1538 1988 contagium
1560 1946 1660 1992 pec-

281 2014 476 2049 catorum
493 2023 504 2057 ;
526 2002 585 2047 ita
602 2019 643 2046 se
658 2001 800 2046 dicere
821 2001 1178 2045 demonstrabant
1193 2037 1202 2054 ,
1226 2010 1273 2044 ut
1290 2009 1433 2044 tamen
1452 1999 1658 2058 ignoratis

281 2072 471 2136 peccatis
497 2071 641 2117 alienis
665 2072 880 2116 neminem
904 2071 1113 2116 maculari
1136 2087 1259 2133 posse
1279 2069 1528 2116 faterentur.
1561 2071 1659 2116 Hoc

279 2143 451 2188 enimet
473 2141 526 2186 de
555 2140 678 2186 malis
698 2142 895 2204 piscibus
927 2140 1151 2195 dixerant,
1189 2140 1309 2204 quod
1334 2139 1445 2185 sicut
1479 2139 1574 2185 illos
1589 2139 1658 2185 la-

280 2222 414 2258 tentes
432 2212 476 2256 in
496 2211 704 2255 fluctibus
726 2248 736 2265 ‚
762 2211 960 2274 quamvis
986 2215 1075 2270 jam
1098 2211 1210 2255 intra
1242 2210 1347 2255 retia
1367 2247 1377 2266 ,
1399 2227 1486 2255 non
1510 2209 1659 2256 vident

280 2283 539 2346 piscatores3
571 2280 630 2325 sic
656 2281 834 2326 latentes
854 2281 988 2327 malos
1008 2282 1050 2325 in
1081 2280 1271 2325 Ecclesia
1293 2280 1488 2325 nesciunt
1514 2297 1658 2325 sacer-

281 2354 399 2400 dotes
416 2391 426 2409 ,
452 2367 493 2398 et
521 2353 574 2397 ab
598 2352 657 2397 eis
685 2352 782 2397 ideo
804 2353 980 2398 minime
1011 2352 1281 2416 polluuntur.
1321 2353 1409 2397 Nec
1430 2362 1571 2397 tamen
1591 2352 1658 2397 vel

278 2425 427 2472 leviter
445 2423 511 2469 vel
539 2423 721 2468 tenuiter
754 2424 797 2469 in
819 2434 904 2469 tam
931 2423 1108 2487 prolixis
1143 2433 1184 2468 et
1208 2433 1325 2468 tanta
1349 2421 1554 2468 dilatione
1579 2439 1658 2469 ac-

331 2508 340 2530 ¹
359 2513 454 2541 Forte
473 2509 598 2540 damna.
619 2526 660 2531 -—
676 2507 691 2529 ’ἔ
708 2512 782 2551 Pro,
803 2508 984 2553 Bagaitano.
