1763 2838
250 219 523 252 BREVICULUS
559 219 849 252 COLLATIONIS
885 220 976 250 CUM
1012 219 1294 252 DONATISTIS.
1396 209 1456 271 47

86 287 235 334 eadem
258 287 420 334 divinae
440 287 564 347 Legis
581 286 835 333 auctoritate
852 285 1041 332 vicissim
1061 296 1234 332 acturos
1247 305 1331 334 esse
1350 307 1459 353 pro—

86 358 295 405 miserint.
329 359 456 404 Tunc
482 375 581 418 ergo
607 358 730 421 quasi
753 357 877 402 obliti
897 356 1004 419 quid
1031 358 1267 416 exegerint,
1291 371 1332 405 et
1356 362 1463 424 quid

86 429 213 476 etiam
231 429 314 493 ipsi
330 428 513 492 polliciti
538 428 726 485 fuerint,
744 446 843 474 cum
863 428 916 473 de
940 428 1144 474 Ecclesiae
1161 430 1463 478 criminatione

86 511 129 547 et
148 500 406 564 purgatione
433 500 653 546 Catholici
673 499 998 563 proposuissent
1021 500 1088 558 agi
1112 512 1311 563 oportere
1327 540 1337 558 ,
1367 521 1464 550 coe-

86 582 245 635 perunt
278 589 478 634 personas
514 588 708 635 quaerere
743 570 1003 634 petitorum,
1039 581 1086 616 ut
1119 588 1186 616 eas
1212 584 1386 635 possent
1418 593 1464 620 ex

86 637 349 702 forensijtlre
374 643 599 690 discutere.
633 643 795 688 Contra
818 660 918 702 ergo
945 641 1163 687 Catholici
1182 645 1462 705 resistebant,

90 725 129 760 et
154 724 335 777 propter
356 714 711 777 praescindendas
737 731 874 760 moras
891 752 900 765 ,
931 730 1037 776 quas
1060 731 1130 759 eos
1152 725 1193 758 et
1220 733 1469 779 praeparare

92 785 346 841 audierant,
374 796 415 830 et
435 785 760 845 innecterejam
793 785 1024 837 videbant,
1054 797 1372 847 perseveranter
1398 789 1469 832 in·-

91 857 287 911 stabant,
313 867 360 902 ut
388 856 592 902 Ecclesia>
612 874 739 902 causa
764 856 910 920 potius
937 867 1145 915 ageretur.
1185 859 1236 902 ln
1261 859 1470 905 conflictu

92 939 349 991 perventum
369 939 429 974 est
448 965 458 982 ,
488 939 534 974 ut
554 928 833 991 Imperatoris
856 938 1129 990 praeceptum
1153 945 1240 990 quo
1260 929 1472 975 Collatio-

93 1015 191 1043 nem
220 999 414 1058 J'ussisset
444 1000 534 1045 fieri
558 999 786 1059 legeretur,
818 1010 863 1044 ut
886 1016 934 1043 eo
962 998 1092 1043 modo
1122 1004 1356 1060 petitorum
1379 1019 1475 1064 per-

101 1086 205 1118 sona
235 1080 464 1117 constaret.
497 1070 740 1115 Yideliann·
773 1070 885 1114 enim
919 1080 959 1114 et
995 1070 1250 1127 Cognitori,
1285 1089 1337 1116 ne
1370 1071 1476 1134 quid

95 1133 334 1186 Donatistis
349 1141 477 1185 etiam
502 1140 555 1186 de
579 1141 676 1203 ipso
698 1144 795 1199 jure
814 1140 971 1185 forensi
988 1176 997 1193 ,
1021 1139 1278 1199 velutijusta
1298 1159 1478 1204 poscen-

95 1211 212 1256 tibus
247 1221 491 1269 negaretur,
520 1212 642 1273 prius
665 1211 901 1273 petitorum
926 1210 1249 1256 constituendas
1269 1230 1355 1258 esse
1374 1232 1478 1277 per-

97 1299 235 1328 sonas.
282 1285 508 1344 Praecepto
551 1299 650 1341 ergo
686 1280 900 1343 imperiali
936 1281 1114 1326 recitato
1131 1319 1141 1337 ,
1188 1282 1478 1330 Collationem

96 1354 252 1417 petisse
268 1352 521 1398 Catliolicos
537 1351 803 1397 declaratum
818 1362 900 1405 est,
918 1368 1099 1414 eamque
1113 1370 1198 1397 esse
1213 1370 1471 1403 concessam.

100 1425 226 1469 Tunc
255 1423 491 1469 Donatistae
510 1423 637 1468 etiam
662 1440 809 1486 preces
834 1423 995 1485 quibus
1029 1423 1085 1467 al)
1112 1424 1169 1468 eis
1187 1424 1257 1470 illa
1291 1426 1478 1472 Collatio

99 1497 234 1560 petita
250 1507 336 1551 est,
357 1497 577 1559 postulare
595 1506 840 1558 coeperunt.
867 1495 948 1540 llic
962 1512 1062 1540 cum
1083 1496 1140 1540 eis
1160 1497 1250 1559 ipse
1272 1498 1482 1557 Cognitor

100 1567 408 1631 responderet,
442 1568 487 1611 in
519 1567 790 1629 pragmatico
823 1566 1031 1627 rescripto
1072 1584 1216 1627 preces
1241 1567 1367 1613 inseri
1396 1587 1483 1614 non

103 1638 237 1684 solere
265 1675 275 1695 ,
308 1637 360 1683 ad
386 1637 430 1682 id
446 1655 487 1681 se
512 1647 846 1689 converterunt,
875 1647 922 1680 ut
948 1636 1201 1681 mandatum
1224 1639 1484 1684 Catliolico-

103 1727 199 1756 rum
218 1747 228 1765 ,
246 1726 333 1773 quo
354 1709 671 1754 mandaverant
695 1707 782 1769 peti
811 1707 866 1751 al)
885 1708 1150 1768 imperatore
1166 1707 1451 1755 Collationem
1472 1748 1481 1764 ,

104 1781 363 1844 eosdemque
388 1780 548 1839 legatos
574 1795 682 1841 quos
708 1777 761 1822 ad
788 1777 871 1822 hoc
902 1777 1227 1840 impetrandum
1255 1780 1455 1826 miserant
1473 1819 1482 1832 ,

106 1853 188 1899 sibi
211 1852 386 1898 ederent
410 1862 540 1912 atque
568 1848 823 1912 proderem3
855 1859 1084 1893 asserentes
1119 1848 1333 1896 discutere
1356 1869 1397 1896 se
1416 1852 1488 1897 de-

107 1925 209 1971 bere
230 1941 326 1988 quae
344 1922 548 1968 mandata
569 1931 690 1975 sunt,
715 1931 844 1982 atque
859 1920 921 1964 ibi
939 1919 1130 1964 invenire
1150 1938 1270 1982 posse
1286 1923 1489 1969 mandata

111 1996 444 2043 Catliolicorum
470 2010 568 2056 quse
602 1992 654 2037 de
678 1992 761 2036 illis
784 1991 1041 2053 Imperatori
1071 1990 1204 2036 locuti
1233 2005 1345 2040 sunt.
1391 1996 1485 2039 lloc

109 2088 211 2117 cuni
236 2067 523 2126 intelligerent
543 2062 762 2108 Catholici
787 2062 839 2107 ad
863 2062 945 2106 lioc
971 2062 1159 2124 inquiri,
1182 2074 1228 2108 ut
1251 2063 1475 2110 inveniren

114 2153 184 2187 tur
211 2139 456 2185 occasiones
471 2135 631 2198 quibus
656 2132 810 2196 prolixi
834 2132 1037 2195 temporis
1057 2150 1250 2177 mennae
1263 2133 1492 2181 dilationes

111 2213 425 2271 ingererentur,
447 2205 690 2251 asserebant
708 2203 885 2248 omnino
899 2202 1016 2265 quod
1039 2214 1232 2265 peterent
1247 2204 1300 2249 ad
1319 2222 1489 2251 causam

113 2302 200 2330 non
219 2281 457 2346 pertinere3
483 2274 841 2340 quandoquidem
859 2274 1146 2320 Collationem
1170 2275 1225 2320 ab
1241 2277 1298 2321 eis
1313 2278 1490 2340 petitam

114 2355 206 2418 ipse
235 2355 479 2416 Imperator
501 2346 769 2410 apertissime
800 2344 1086 2400 ostcnderet1‚
1115 2346 1184 2390 eui
1216 2348 1495 2405 Cognitorem

116 2425 316 2478 dederat,
345 2433 392 2467 ut
411 2418 760 2483 superstitionem
785 2416 1009 2462 manifesta
1028 2417 1138 2462 ratio
1158 2416 1417 2468 confutaret.
1445 2422 1495 2465 Et

117 2496 392 2545 vehementer
426 2489 711 2550 urgebantur,
753 2498 801 2533 ut
837 2488 1011 2534 remotis
1041 2488 1247 2535 omnibus
1278 2507 1497 2538 morarum

167 2579 178 2603 Ι
195 2576 356 2612 Honorius
372 2575 406 2609 in
422 2578 582 2619 praecepto
596 2572 635 2605 de
649 2571 796 2605 habenda
815 2571 1010 2605 collatione.
