1763 2838
313 128 405 175 356
732 142 765 172 S.
809 141 1051 173 AUGUSTINI
1088 142 1288 173 Emscorl

309 210 393 254 bus
411 218 457 253 ut
478 224 564 252 non
581 206 742 252 faciant
763 206 898 251 ullum
912 217 1160 270 peecatum,
1186 206 1383 270 quamvis
1407 207 1458 252 sit
1474 206 1683 270 praesems

310 278 525 323 neminem
549 277 636 321 hoe
654 272 958 340 impleturhm,
986 287 1033 321 ut
1054 278 1320 340 quicumque
1344 277 1475 339 impie
1489 295 1538 322 ae
1563 277 1685 322 dam-

310 347 514 392 nabiliter
537 349 628 405 ers
648 357 866 409 praeeepta
886 346 1239 409 contempserint„
1271 348 1361 409 ipse
1386 347 1516 392 faciat
1541 347 1585 391 in
1609 363 1685 390 eo-

312 433 411 462 rum
434 415 710 461 danmatione
735 416 852 479 quod
876 419 1043 474 justum
1068 426 1129 460 est
1150 433 1160 459 ε
1183 416 1449 479 quicumque
1475 427 1615 461 autem
1641 415 1687 460 in

312 491 402 545 ejus
425 487 659 550 praeceptis
687 487 938 532 obedienter
961 497 999 531 et
1018 487 1087 549 pie
1113 487 1389 549 proficientes
1405 524 1415 541 ,
1445 504 1521 531 nee
1542 497 1687 532 tamen

313 557 460 601 onmia
472 573 571 619 quae
593 557 804 619 praeeepit
823 556 1068 619 implentes,
1101 556 1211 601 sieut
1236 556 1316 600 sibi
1332 556 1489 600 dimitti
1516 556 1684 610 volunt,

310 626 372 671 sic
397 626 488 670 aliis
506 637 682 688 peecata
711 626 972 680 dimiserint,
1002 626 1091 688 ipse
1114 625 1243 670 faciat
1263 625 1305 670 in
1326 642 1473 670 eorum
1512 625 1691 671 munda—

314 696 432 741 tione
451 697 570 758 quod
592 697 756 741 bonum
781 708 853 742 est.
887 696 1120 752 Quomodo
1149 696 1262 740 enim
1283 695 1517 741 dimittenti
1544 696 1690 740 dimit-

310 766 418 811 titur
437 784 515 829 per
542 767 621 811 Dei
646 767 1008 821 misericordiam,
1036 767 1068 811 si
1099 777 1329 829 peceatum
1364 784 1449 811 non
1486 769 1580 811 est‘?
1616 775 1690 810 aut

310 835 532 899 quomodo
568 854 655 881 non
678 847 847 883 vetatur
873 853 949 899 per
986 837 1065 881 Dei
1095 836 1312 896 J'ustitiam
1337 874 1347 892 ,
1388 837 1419 881 si
1456 846 1690 899 peceatum

325 916 389 951 est
407 909 423 951 Ρ

381 975 541 1022 XXIV.
574 997 594 1016 <c
617 976 700 1020 Sed
720 993 818 1021 ecee
833 1013 843 1026 ,
862 976 1094 1039 inquiunt,
1116 974 1346 1038 Apostolus
1367 974 1473 1020 dicit
1493 993 1503 1020 :
1524 981 1693 1021 Bonum

317 1055 574 1091 »certamen
593 1047 780 1101 certavi,
806 1046 934 1091 fidem
958 1047 1147 1100 servavi,
1174 1062 1348 1090 cursum
1368 1046 1690 1099 consummavi,

320 1126 551 1178 »superest
587 1116 698 1160 mihi
739 1133 896 1161 corona
916 1117 1099 1174 justitiae
1127 1134 1136 1160 :
1173 1116 1291 1179 quod
1326 1133 1411 1160 non
1439 1116 1626 1171 diceret,
1662 1116 1696 1160 si

321 1185 542 1230 »haberet
580 1185 718 1230 ullum
762 1185 1042 1247 peceatum‘l.
1079 1208 1097 1227 »
1142 1187 1236 1230 Imo
1274 1203 1373 1231 vero
1411 1185 1698 1249 respondeant

321 1254 542 1317 quomodo
571 1255 716 1318 potuit
747 1255 845 1299 lnee
881 1255 1024 1301 dicere.
1043 1293 1052 1309 ,
1091 1256 1161 1300 eui
1190 1255 1335 1300 adhuc
1359 1257 1545 1301 restabat
1566 1256 1698 1319 ipsius

321 1325 554 1388 passionis,
581 1341 709 1386 quam
733 1325 814 1369 sibi
831 1328 918 1383 jam
940 1325 1188 1388 impendere
1209 1326 1397 1381 dixerat,
1429 1337 1517 1371 tam
1545 1344 1698 1385 magna

325 1394 593 1440 conflictatio
613 1431 623 1449 ,
658 1405 745 1438 tam
779 1395 1005 1440 molestum
1032 1413 1081 1440 ae
1116 1395 1276 1455 grande
1300 1407 1529 1441 certamen.
1560 1398 1622 1442 Α11
1646 1396 1699 1441 ad

325 1468 417 1524 ejus
459 1463 853 1508 consummandum
897 1482 1071 1510 cursum
1121 1482 1278 1527 parum
1326 1466 1472 1511 adhue
1524 1465 1696 1521 deerat,

327 1533 504 1597 quando
524 1533 632 1578 illud
654 1533 798 1578 deerat
820 1535 893 1579 ubi
916 1547 1006 1580 erat
1041 1534 1214 1580 futurus
1254 1536 1394 1581 aerior
1422 1546 1461 1580 et
1486 1536 1702 1580 crudelior

328 1603 559 1648 inimicus?
590 1602 719 1658 Quod
745 1603 777 1647 si
806 1603 903 1648 ideo
927 1604 1083 1649 talibus
1115 1605 1255 1649 verbis
1282 1616 1421 1650 certus
1443 1622 1702 1667 securusque

331 1672 571 1732 gaudebat,
592 1673 693 1735 quia
713 1672 765 1717 de
789 1674 970 1719 victoria
993 1674 1130 1719 futuri
1154 1675 1398 1720 certaminis
1421 1686 1585 1720 eertum
1605 1691 1701 1719 eum

332 1759 618 1804 securumque
650 1746 739 1800 jam
775 1744 959 1799 fecerat,
999 1746 1074 1806 qui
1109 1745 1304 1790 eamdem
1340 1747 1581 1808 passionem
1612 1749 1704 1805 jam

333 1813 396 1858 illi
417 1812 675 1858 revelaverat
694 1813 920 1859 imminere
939 1835 950 1867 3
975 1831 1062 1858 non
1079 1832 1123 1859 re
1144 1814 1389 1877 plenissima
1408 1853 1418 1872 ,
1447 1816 1519 1861 sed
1542 1833 1616 1879 spe
1635 1816 1704 1859 fir-

333 1882 521 1926 missima
547 1882 642 1926 haee
670 1881 802 1935 dixit,
832 1894 873 1928 et
906 1883 1025 1945 quod
1050 1884 1245 1928 futurum
1279 1901 1364 1929 esse
1396 1885 1702 1948 praesumpsit,

334 1962 541 2014 tanquam
558 1952 723 1996 factum
744 1951 873 1997 fuerit
894 1952 1118 1998 indicavit.
1144 1953 1190 1997 Si
1209 1970 1308 2012 ergo
1334 1954 1400 1998 his
1415 1955 1557 1999 verbis
1578 1954 1705 1999 etiam

333 2021 420 2066 hoe
446 2021 645 2077 adderet,
669 2032 716 2066 ut
736 2021 898 2067 diceret
919 2039 928 2066 ε
956 2022 1135 2068 Nullum
1161 2022 1304 2068 habeo
1322 2027 1412 2082 jam
1439 2034 1668 2086 peceatum
1693 2040 1703 2067 z

334 2091 421 2136 1100
445 2108 619 2154 quoque
650 2092 772 2137 illum
807 2092 1140 2152 intelligeremus
1170 2110 1257 2137 non
1286 2093 1339 2138 de
1371 2094 1430 2139 rei
1453 2093 1608 2150 factae‚
1636 2092 1707 2138 sed

335 2161 388 2206 de
410 2163 471 2206 rei
492 2161 653 2207 futurae
676 2162 940 2224 perfectione
961 2162 1124 2209 dixisse.
1154 2163 1224 2207 Sic
1242 2164 1354 2207 enim
1379 2164 1433 2209 ad
1458 2164 1592 2226 ipsius
1613 2179 1709 2208 eur·

335 2247 404 2275 sus
439 2231 852 2276 consummationem
889 2232 1135 2294 pertinebat
1162 2232 1331 2277 nullum
1358 2233 1519 2278 habere
1550 2248 1710 2296 pecca—

333 2310 459 2355 tum,
493 2300 612 2362 quod
643 2301 712 2345 isti
737 2311 922 2363 putant,
950 2318 1047 2346 eum
1086 2302 1183 2347 haec
1211 2302 1400 2359 diceret,
1431 2307 1522 2362 jam
1557 2304 1602 2348 in
1636 2301 1709 2348 illo

333 2369 461 2415 fuisse
479 2370 744 2432 completum
765 2391 775 2425 3
799 2371 1171 2435 quemadmodum
1198 2373 1251 2419 ad
1272 2374 1407 2436 ipsius
1433 2390 1582 2419 cursus
1603 2389 1704 2418 con-

386 2454 395 2475 1
418 2462 436 2483 2
457 2452 539 2484 Tim.
558 2463 605 2495 tv,
627 2464 657 2491 7.
