1763 2838
265 40 358 97 [106
687 56 722 86 s,
764 55 1006 88 Aucusnm
1043 56 1246 89 Emscom

265 120 511 167 vivificabit
529 122 644 167 Deus
662 131 703 166 et
724 122 925 170 mortalia
949 141 1131 188 corpora
1155 136 1297 172 nostra
1315 163 1324 179 ,
1352 137 1534 190 propter
1557 128 1630 174 in-

263 192 534 238 habitantem
565 192 780 257 Spiritum
807 199 896 254 ejus
925 196 971 241 in
995 196 1120 242 nobis
1137 196 1153 225 1
1175 216 1184 242 :
1213 197 1483 244 manifestum
1507 210 1569 244 cst
1592 210 1633 244 et

260 261 394 322 hujus
416 263 568 311 mortis
595 265 791 328 corporis
808 303 818 316 ,
847 283 944 329 quae
974 269 1274 314 resurrectioni
1298 269 1492 331 corporis
1521 286 1628 315 con-

263 332 394 379 traria
430 345 519 391 cst,
571 335 768 382 aculeum
801 337 929 383 fuisse
966 350 1228 401 peccatum:
1257 339 1453 385 aculeum
1491 351 1633 386 autem

260 421 347 467 quo
392 422 509 451 mors
544 405 659 452 facta
704 418 766 453 est
783 445 795 464 ,
833 425 920 454 non
952 424 1081 473 quem
1114 427 1229 455 mors
1271 409 1373 455 fecit
1402 427 1412 454 ε
1452 420 1634 473 peccato

258 476 373 522 enim
389 477 603 524 morimur
620 516 630 535 ,
652 496 739 525 non
762 491 899 526 morte
917 497 1165 544 peccamus.
1199 481 1270 527 Sic
1295 481 1439 544 itaque
1462 480 1630 527 dictum

258 557 345 603 est,
381 548 553 595 aculeus
577 551 755 608 mortis,
790 551 1012 615 quomodo
1037 552 1204 612 lignum
1238 552 1339 598 vitae
1359 588 1369 607 ‚
1402 568 1489 596 non
1512 550 1632 615 quod

256 617 448 664 hominis
470 620 559 666 vita
578 620 754 679 faceret,
773 622 844 668 scd
867 640 954 686 quo
973 623 1061 669 vita
1080 622 1270 669 hominis
1289 623 1407 667 ficret
1428 639 1438 666 ε
1458 632 1499 666 et
1519 638 1634 683 quo-

258 687 390 733 modo
420 688 587 749 lignum
607 692 814 749 scientiae,
837 711 915 756 per
936 694 1054 757 quod
1079 694 1255 740 scicntia
1279 694 1398 738 fieret
1417 691 1629 747 hominis,

258 775 345 803 non
366 760 485 822 quod
511 780 589 824 per
616 779 736 809 suam
766 764 986 810 scientiam
1015 764 1164 811 feccrit
1189 764 1337 809 homo.
1374 762 1445 807 Sic
1468 779 1567 821 ergo
1592 772 1634 807 et

259 828 434 874 aculeus
457 833 632 887 mortis,
658 850 746 897 quo
772 851 886 879 mors
911 834 1022 880 sacta
1049 846 1128 890 cst,
1155 852 1241 879 non
1270 850 1399 897 quem
1422 849 1537 877 mors
1566 831 1634 876 fc-

259 897 334 945 cit.
360 898 431 944 Sic
456 901 572 947 onim
606 902 794 949 dicimus
815 941 826 959 ,
849 914 889 948 ct
908 904 1119 966 poculum
1139 903 1290 949 mortis
1307 940 1318 959 ‚
1355 918 1442 964 quo
1478 900 1634 963 aliquis

257 979 457 1015 mortuus
483 971 564 1026 sit,
599 973 666 1018 vel
692 974 798 1020 mori
826 975 960 1037 possit
982 1012 992 1031 ‚
1024 992 1111 1020 non
1137 973 1267 1036 'quod
1294 973 1479 1018 moriens
1514 988 1635 1016 mor-

260 1049 414 1085 tuusve
437 1041 683 1091 confecerit.
717 1045 903 1091 Aculeus
935 1046 1084 1110 itaque
1113 1045 1262 1090 mortis
1287 1053 1516 1107 peccatum
1544 1053 1630 1095 est,

258 1112 426 1171 peccati
446 1125 617 1176 punctu
640 1117 953 1163 mortificatum
984 1128 1045 1163 est
1072 1134 1203 1176 genus
1224 1116 1482 1161 humanum.
1515 1112 1635 1169 Quid

262 1179 410 1227 adhuc
431 1185 669 1246 quaerimus
690 1189 813 1246 cujus
838 1188 989 1233 mortis
1004 1225 1015 1244 ‚
1040 1198 1186 1233 utrum
1207 1186 1381 1240 animae,
1409 1202 1461 1229 an
1477 1200 1633 1246 corpo-

259 1250 344 1296 ris?
365 1262 510 1298 utrum
529 1256 684 1317 primae
705 1274 790 1320 qua
806 1275 924 1303 nunc
944 1276 1090 1304 omnes
1104 1257 1318 1307 morimur
1333 1293 1343 1307 ,
1365 1273 1417 1300 an
1433 1253 1635 1300 secundae

261 1336 345 1380 qua
382 1332 485 1369 tunc
521 1325 648 1389 impii
683 1328 955 1374 morientur?
990 1328 1120 1374 Nulla
1158 1344 1288 1372 causa
1310 1335 1372 1371 cst
1395 1322 1635 1382 exagitandi

259 1393 543 1451 quaestionem
561 1432 571 1451 ‚
595 1397 741 1443 nullus
765 1398 1073 1458 tergiversandi
1101 1397 1223 1443 locus
1243 1433 1253 1451 ,
1283 1394 1480 1458 Apostoli
1503 1392 1635 1438 verba

263 1461 424 1521 quibus
444 1463 489 1510 id
514 1465 670 1525 agebat
690 1505 699 1517 ,
729 1468 990 1528 interrogata
1010 1467 1274 1532 respondent
1295 1483 1305 1510 ε
1340 1487 1359 1506 ‹<
1380 1464 1493 1509 Cum
1517 1479 1633 1507 mor-

263 1532 392 1578 »tale
427 1533 538 1591 hoc‚
564 1536 736 1599 inquit,
771 1539 962 1585 induerit
996 1537 1390 1590 immortalitatem,
1426 1545 1530 1579 tunc
1563 1533 1636 1580 fiet

266 1621 287 1641 ³>
308 1619 445 1650 sermo
463 1605 537 1668 qui
554 1608 740 1671 scriptus
756 1620 816 1655 est
834 1647 843 1665 ‚
874 1610 1092 1672 Absorpta
1111 1621 1172 1654 cst
1191 1624 1304 1654 mors
1323 1607 1366 1651 in
1386 1602 1628 1650 victoriam.

265 1690 286 1711 2>
306 1672 480 1730 Ubiest²
498 1679 822 1733 mors‚victoria
838 1683 942 1726 tua)
967 1680 1045 1726 ubi
1068 1690 1145 1729 est.
1169 1695 1300 1733 mors,
1321 1675 1490 1721 aculeus
1505 1676 1634 1719 tuus?

265 1759 286 1781 »
307 1743 493 1789 Aculeus
517 1757 657 1793 autem
689 1750 840 1794 mortis
860 1761 919 1795 cst
943 1761 1170 1813 peccatum
1193 1787 1203 1805 ,
1234 1748 1372 1794 virtus
1402 1762 1502 1791 vero
1526 1759 1634 1806 pec—

262 1830 284 1850 »
305 1813 387 1857 cati
404 1812 482 1860 lex,
504 1835 523 1856 >³
549 1817 612 1862 De
635 1819 944 1864 resurrectione
963 1819 1156 1882 corporis
1182 1819 1335 1877 agebat
1353 1853 1363 1871 ‚
1384 1832 1470 1877 qua
1490 1814 1636 1859 absor-

263 1880 443 1928 debitur
467 1902 581 1931 mors
620 1888 665 1933 in
700 1888 928 1935 victoriani
951 1928 961 1945 ‚
989 1907 1088 1935 cum
1116 1888 1297 1935 mortale
1330 1886 1417 1931 lioc
1446 1882 1636 1928 induerit

262 1951 643 2004 immortalitatem.
685 1958 810 2004 Tunc
844 1958 928 2021 ipsi
963 1959 1093 2004 morti
1128 1956 1436 2009 insultabitur,
1469 1970 1568 2016 quae
1591 1954 1632 1998 in

262 2022 488 2071 victoriam
520 2028 829 2073 resurrectione
861 2030 1055 2092 corporis
1092 2027 1411 2077 absorbebitur.
1451 2024 1577 2068 Tunc
1597 2023 1635 2069 ci

262 2090 458 2150 dicetur,
484 2116 505 2136 «
528 2095 615 2141 Ubi
649 2108 728 2152 cst,
752 2115 884 2153 mors,
935 2099 1117 2145 victoria
1144 2102 1244 2144 tua?
1272 2096 1350 2141 ubi
1388 2103 1466 2148 cst,
1499 2109 1630 2148 mors,

261 2163 474 2210 »aculeus
495 2169 622 2212 tuus?
640 2188 659 2208 ›>
681 2169 928 2228 ΜοΓῖίοι-ςο
949 2170 1142 2233 corporis
1157 2169 1244 2214 boc
1283 2166 1466 2211 dicotur.
1509 2163 1634 2209 Hanc

262 2233 376 2279 cuim
406 2236 661 2284 absorbebit
700 2239 930 2284 victoriosa
968 2240 1267 2286 immortalitas
1287 2275 1296 2287 ,
1326 2253 1425 2282 cum
1454 2234 1634 2280 mortale

262 2302 347 2349 hoc
364 2304 731 2355 immortalitatem
754 2309 974 2359 inductur.
1004 2311 1138 2358 Morti
1160 2348 1171 2365 ‚
1212 2311 1412 2373 inquam,
1438 2304 1632 2370 corporis

312 2384 435 2420 ¹Rom.
456 2400 527 2430 ηιι,
555 2401 604 2423 11.
