1763 2838
243 220 516 253 BREVICULUS
553 217 844 251 COLLATIONIS
880 219 971 251 CUM
1006 218 1287 250 DONATISTIS·
1397 204 1458 251 85

80 287 114 334 si
142 288 230 334 duo
249 288 315 333 vel
343 287 512 350 plure5‚
536 303 624 331 non
656 285 795 331 solum
821 287 1042 331 Stratonos
1059 322 1070 340 ,
1101 284 1174 330 sed
1198 286 1325 330 etiam
1351 286 1461 331 Cas—

79 359 186 404 siani
213 358 528 422 reperirentur3
560 374 662 403 cum
689 357 733 402 in
761 356 994 402 duodecim
1023 355 1265 419 Apostolis‚
1289 373 1376 401 non
1395 374 1461 402 so-

81 430 173 475 lum
199 430 288 475 duo
311 429 467 484 Judae,
498 428 571 474 sed
608 429 736 474 etiam
768 429 856 474 duo
890 427 1046 473 Jacobi
1080 428 1354 488 legerentur:
1384 429 1465 473 nisi

80 500 191 546 forte
215 501 318 564 ipsis
355 500 547 546 licuisset
589 500 817 545 Casensem
851 517 874 544 a
915 500 1087 544 Donato
1130 499 1464 558 Carthaginensi

79 571 341 631 distinguere
358 608 368 627 ‚
398 589 498 617 cum
524 571 722 616 timerent
747 587 799 615 ne
818 573 959 629 major
981 580 1132 615 auctor
1152 570 1348 633 ipsorum
1367 571 1463 615 Do-

81 651 208 686 natus
230 642 583 701 Carthaginensis
602 641 832 686 damnatus
849 640 895 685 in
921 639 1364 699 Melchiadisjudicio
1382 656 1465 702 pu-

78 722 264 765 taretur3
293 723 334 757 et
365 712 607 758 Catholicis
642 729 731 757 non
762 711 913 756 liceret
949 711 995 756 in
1030 721 1150 756 tanta
1184 709 1465 756 multitudine

76 781 336 827 clericorum
361 783 662 827 Romanorum
683 781 846 827 habere
870 782 1014 844 plures
1039 781 1254 826 similibus
1274 779 1466 825 nomini-

74 851 159 896 bus
183 853 439 915 appellatos.
469 853 641 899 Falsum
666 853 780 898 enim
802 864 893 898 erat
926 852 1045 915 quod
1072 852 1315 897 Donatistae
1339 850 1461 896 dixe-

76 933 197 979 rant,
228 923 456 969 convenire
480 941 685 986 personas
700 961 711 980 ‚
733 924 965 969 convenire
988 924 1084 968 loca
1102 960 1114 980 ,
1139 922 1369 968 convenire
1390 939 1462 966 re·-

78 992 224 1051 giones
242 1011 252 1038 :
274 994 450 1056 quando
469 1011 549 1040 nec
569 994 664 1040 loca
682 1031 692 1050 ,
713 1011 791 1040 nec
806 994 1018 1054 regi011eS‚
1036 1010 1115 1038 nee
1133 994 1241 1055 ipsae
1256 1009 1463 1055 expressae

78 1080 362 1126 personarum
385 1064 615 1125 dignitates
636 1065 689 1110 de
715 1065 908 1128 utrisque
929 1064 1055 1124 gestis
1070 1101 1080 1119 ‚
1108 1063 1180 1108 sed
1200 1062 1288 1108 sola
1315 1062 1464 1107 nomi—

73 1150 180 1178 num
214 1134 517 1180 convenientia
547 1135 797 1195 legebatur,
829 1151 962 1198 quam
994 1135 1040 1179 in
1066 1133 1245 1179 diversis
1268 1133 1463 1196 personis

73 1204 239 1262 generis
256 1205 443 1249 humani
468 1205 738 1250 consuetudo
758 1204 1034 1268 frequentare
1059 1222 1147 1249 non
1171 1216 1319 1250 cessat.

138 1274 368 1320 XXXVII.
401 1274 618 1337 Spernens
644 1275 789 1338 itaque
813 1275 1024 1334 Cognitor
1045 1274 1350 1320 incertissimas
1372 1292 1461 1320 sus-

72 1343 266 1407 piciones
284 1381 293 1400 ,
313 1345 442 1404 J'ussit
461 1345 627 1408 aliquid
650 1344 927 1390 manifestum
954 1356 1105 1390 eontra
1124 1345 1198 1390 illa
1219 1356 1334 1405 gesta
1353 1363 1462 1408 pro-

71 1413 196 1469 ferri,
226 1424 301 1459 aut
319 1425 433 1460 certe
458 1415 734 1460 Constantini
752 1415 972 1475 judiciuin
989 1453 998 1467 ,
1031 1420 1157 1475 cujus
1184 1416 1346 1461 mentio
1369 1421 1462 1476 jam

71 1482 186 1529 sacta
205 1484 345 1530 fuerat
363 1522 373 1541 ,
399 1486 584 1532 recitari.
611 1487 667 1530 Et
686 1486 917 1531 recitatum
939 1486 1232 1545 estjudicium
1252 1488 1462 1532 Constan-

72 1554 176 1609 tini,
216 1555 591 1618 quemadmodum
629 1573 670 1601 se
703 1555 815 1600 inter
847 1567 987 1618 partes
1020 1573 1195 1601 causam
1232 1557 1458 1601 Caeciliani

72 1625 349 1684 cognovisse,
390 1626 444 1671 ad
470 1626 723 1671 Eumalium
759 1626 971 1672 vicarium
1008 1627 1169 1672 Africae
1195 1627 1457 1689 scripsisset,

71 1695 191 1757 quod
216 1696 390 1741 remotis
410 1696 615 1741 omnibus
641 1696 817 1741 arbitris
843 1696 1131 1741 (Taecilianum
1151 1696 1424 1742 innocentem
1444 1735 1455 1753 ,

70 1764 168 1810 illos
183 1765 592 1811 calumniosissimos
609 1766 860 1825 cognovisse
884 1776 1059 1811 testatus
1076 1777 1137 1811 est
1157 1786 1168 1819 3
1193 1783 1458 1813 commemo-

71 1852 170 1880 rans
196 1835 324 1880 etiam
348 1836 394 1881 in
431 1835 666 1881 Arelatensi
698 1836 865 1899 oppido
896 1853 978 1899 pro
1019 1836 1257 1881 Caeciliano
1292 1836 1455 1884 factum

72 1906 316 1970 episcopale
337 1907 578 1966 judicium,
604 1907 675 1952 eui
696 1907 865 1966 judicio
892 1911 982 1966 jam
1014 1907 1195 1970 plurimi
1217 1925 1264 1953 ex
1289 1907 1458 1954 dissen-

71 1977 189 2022 sione
207 1989 510 2023 consenserant
524 2015 535 2034 ,
559 1978 737 2041 reliquis
757 1978 905 2023 adhuc
925 1978 1216 2024 resilientibus
1232 1989 1274 2023 et
1294 1979 1458 2025 discor-

72 2047 310 2094 dantibus:
339 2048 454 2094 unde
477 2049 571 2110 ipse
595 2048 647 2093 de
672 2066 716 2094 re
742 2060 829 2094 tota
863 2050 977 2094 inter
1005 2060 1150 2112 partes
1184 2060 1360 2095 coactus
1395 2062 1457 2096 est

66 2119 279 2179 judicare.
321 2121 425 2165 Post
454 2119 613 2165 harum
640 2120 934 2182 imperialium
965 2120 1209 2165 litterarum
1235 2120 1459 2166 recitatio-

72 2206 170 2235 nem
190 2225 202 2245 ,
232 2191 432 2252 quaesivit
457 2190 666 2248 Cognitor
696 2208 718 2234 a
744 2190 980 2234 Donatistis
1015 2189 1123 2253 quid
1149 2200 1301 2236 contra
1334 2191 1457 2238 dice-

71 2269 183 2305 rent.
213 2259 281 2303 lbi
305 2259 547 2304 Donatistae
577 2276 724 2304 rursus
755 2259 808 2304 ad
847 2259 1105 2305 Melchiadis
1141 2260 1455 2307 calumniosam

73 2330 421 2375 criminationem
440 2329 580 2375 redire
597 2331 741 2375 conati
760 2341 858 2375 sunt
883 2348 893 2375 ε
922 2329 1038 2375 unde
1065 2347 1165 2375 eum
1190 2342 1327 2376 essent
1346 2334 1458 2392 Cog-

72 2400 224 2445 nitoris
247 2399 579 2445 interlocutione
598 2400 797 2464 depulsi,
823 2412 864 2446 et
893 2401 948 2446 al)
968 2401 1025 2445 eis
1049 2411 1153 2446 esset
1178 2401 1424 2460 flagitatum
1442 2442 1453 2460 ,

73 2480 123 2515 ut
148 2480 297 2515 contra
315 2470 536 2530 Jucliciuni
564 2471 823 2517 Melchiadis
841 2509 850 2527 ‚
882 2471 951 2517 vel
985 2469 1255 2535 imperialem
1284 2484 1459 2519 senten-

76 2541 205 2598 tiam,
240 2541 275 2588 si
306 2541 519 2589 haberent
565 2543 753 2607 aliquid,
795 2543 1024 2590 recitarent
1056 2560 1067 2588 ι
1105 2543 1450 2606 responderunt,
