1763 2838
87 151 143 187 DE
180 155 475 190 PECGATORUM
508 154 687 187 MERiris
722 157 777 187 ET
809 156 1093 198 REMissmNE,
1134 158 1222 190 Lm.
1264 159 1294 190 1.
1370 143 1455 192 331

87 225 210 280 beent,
250 235 394 270 tamen
429 221 556 268 etiam
588 222 865 268 minutissimi
902 233 943 268 et
975 234 1194 277 currunt,
1231 235 1274 269 et
1308 234 1465 269 matres

91 305 348 354 agnoscunt,
373 310 451 339 nec
473 292 673 352 sugendis
698 294 909 338 uberibus
932 310 1037 338 cura
1062 304 1103 339 et
1130 311 1213 357 ope
1231 294 1465 340 admoven-

89 375 161 410 tur
188 365 342 420 aliena,
367 363 438 409 sed
457 380 504 408 ea
526 364 610 427 ipsi
630 364 673 409 in
692 365 898 410 maternis
917 365 1176 427 corporibus
1193 364 1291 410 loco
1314 364 1465 410 abdito

87 436 227 498 posita
256 434 448 480 mirabili
477 434 684 482 facilitate
710 444 938 481 noverunt.
981 435 1144 480 Contra
1167 434 1338 480 homini
1363 446 1466 480 nato

88 523 167 552 nec
192 506 247 551 ad
284 506 498 552 incessum
535 506 666 569 pedes
702 506 873 562 idonei,
914 521 992 550 nec
1031 522 1185 550 manus
1225 505 1374 551 saltem
1414 505 1467 551 ad

87 576 373 639 scalpendum
398 576 584 631 habiles,
610 587 651 622 et
676 576 755 621 nisi
779 593 861 639 ope
884 575 1114 620 nutrientis
1133 576 1318 621 admotis
1334 576 1347 621 l
1353 576 1470 622 ibris

88 646 266 709 papillae
287 646 460 691 uberis
449 658 726 706 ingerantur,
747 663 824 691 nec
850 645 929 690 ubi
959 646 1044 690 sint
1066 646 1274 701 sentiunt
1295 657 1336 691 et
1349 650 1471 706 juxta

89 733 129 761 se
147 716 395 776 jacentibus
415 718 613 762 mammis
627 716 761 776 magis
779 716 1186 779 possintesurientes
1201 715 1319 764 flere
1335 733 1409 778 qu
1400 732 1468 760 'im

89 804 250 847 sugere.
284 787 475 832 Proinde
490 787 736 832 infirmitati
762 787 914 832 mentis
935 787 1138 846 congruit
1161 786 1259 832 haec
1292 768 1469 832 omnino

87 857 319 902 infirmitas
344 858 572 920 corporis:
595 875 674 903 nec
697 856 846 903 fuisset
869 874 970 902 caio
999 857 1203 903 Christi
1193 875 1237 902 in
1266 856 1471 903 similitu—

89 927 188 973 dine
209 929 350 974 carnis
365 927 553 991 peccati
575 928 656 974 nisi
678 945 778 973 caro
793 938 897 973 esset
912 928 988 973 ista
1002 929 1192 991 peccati
1214 931 1338 987 cujus
1355 945 1471 991 pon—

89 997 189 1043 dere
213 999 435 1044 rationalis
469 999 612 1044 anima
646 999 706 1044 sic
740 1009 974 1058 gravaturg
1014 999 1101 1044 sive
1125 1009 1166 1044 et
1192 999 1285 1062 ipsa
1312 1016 1358 1043 ex
1389 1016 1474 1061 pa-

90 1069 287 1114 rentibus
314 1079 450 1114 tracta
477 1070 548 1126 sit,
571 1070 658 1116 sive
678 1070 843 1116 ibidem
869 1079 1034 1126 creata,
1058 1069 1144 1116 sive
1171 1069 1390 1133 desuper
1380 1087 1472 1115 ins—

89 1139 232 1202 pirata
251 1176 261 1194 ,
285 1139 405 1203 quod
427 1157 544 1186 nunc
563 1158 757 1204 quaerere
774 1141 941 1187 differo.

155 1211 291 1256 LXX.
330 1212 381 1255 ln
416 1211 612 1273 parvulis
646 1222 760 1257 certe
792 1211 927 1270 gratia
953 1210 1060 1265 Dei,
1088 1227 1168 1273 per
1203 1210 1473 1273 baptismum

89 1284 180 1340 ejus
195 1281 272 1344 qui
291 1281 408 1326 venit
435 1281 479 1326 in
509 1281 796 1327 similitudine
827 1281 968 1327 carnis
998 1281 1167 1344 peccati
1185 1318 1196 1337 ,
1225 1280 1270 1325 id
1297 1281 1437 1339 agitur
1457 1317 1467 1335 ‚

92 1361 139 1395 ut
165 1362 397 1396 evacuetur
422 1368 521 1396 caro
543 1351 727 1414 peccati.
763 1353 1011 1397 Evacuatur
1034 1361 1174 1396 autem
1198 1388 1208 1407 ,
1237 1368 1321 1396 non
1350 1361 1397 1396 ut
1426 1351 1470 1395 in

91 1422 182 1484 ipsa
212 1421 382 1466 vivente
416 1438 544 1466 carne
579 1422 937 1485 concupiscentia
973 1439 1205 1484 conspersa
1244 1432 1285 1466 et
1324 1422 1473 1466 innata

91 1502 267 1555 repente
287 1492 559 1547 absumatur,
584 1504 624 1538 et
641 1510 727 1538 non
743 1493 820 1546 sit;
842 1493 912 1538 sed
940 1509 991 1537 ne
1017 1493 1131 1537 obsit
1153 1502 1344 1543 mortuo,
1371 1508 1472 1555 quae

92 1563 231 1607 inerat
262 1572 377 1608 nato.
419 1564 531 1608 Nam
555 1563 588 1608 si
620 1574 719 1626 post
742 1563 1013 1626 baptismum
1042 1562 1223 1617 vixerit,
1264 1572 1392 1624 atque
1419 1560 1474 1606 ad

93 1642 262 1678 aetatem
289 1649 494 1695 capacem
516 1633 731 1696 prasscepti
755 1633 979 1695 pervenire
1004 1632 1224 1695 potuerit,
1260 1631 1321 1676 ibi
1340 1631 1475 1676 habet

93 1719 193 1748 cum
213 1719 299 1765 qua
320 1713 501 1764 pugnet,
526 1720 707 1765 eamque
728 1702 963 1762 adjuvante
990 1704 1079 1747 Deo
1100 1712 1296 1764 superet,
1325 1701 1358 1746 si
1386 1718 1474 1746 non

91 1774 137 1818 in
150 1789 339 1818 vacuum
359 1773 540 1832 gratiam
564 1777 655 1833 ejus
679 1774 936 1836 susceperit,
957 1773 990 1818 si
1012 1774 1271 1835 reprobatus
1290 1788 1375 1817 esse
1390 1789 1472 1816 no-

94 1843 237 1890 luerit.
272 1844 383 1888 Nam
408 1861 486 1889 nec
511 1843 750 1903 grandibus
781 1844 867 1889 hoc
890 1855 1124 1907 praestatur
1142 1844 1188 1888 in
1218 1842 1440 1905 baptismo
1459 1879 1469 1897 ,

94 1914 175 1960 nisi
194 1912 303 1959 forte
328 1914 539 1959 miraculo
566 1914 777 1960 ineffabili
806 1914 1218 1978 omnipotentissimi
1236 1913 1473 1968 Creatoris‚

96 1995 145 2029 ut
179 1984 241 2029 lex
283 1985 483 2047 peccati,
515 2002 616 2048 quae
651 1985 761 2029 inest
789 1986 833 2030 in
873 1985 1077 2029 membris
1116 2000 1361 2046 repugnans
1397 1982 1479 2042 legi

97 2055 268 2111 mentis,
281 2072 457 2117 prorsus
472 2055 644 2118 penitus
657 2055 947 2115 extinguatur,
963 2066 1004 2100 et
1016 2054 1163 2100 nonsit
1182 2053 1276 2099 :sed
1295 2064 1343 2099 ut
1354 2053 1481 2116 quid-

96 2124 205 2189 quid
231 2124 331 2170 mali
347 2125 403 2169 ab
418 2124 597 2170 homine
610 2125 793 2180 factum„
818 2125 1004 2181 dictum,
1024 2125 1260 2185 cogitatum
1278 2134 1355 2179 est,
1377 2141 1482 2170 cum

97 2196 238 2242 eidem
277 2195 644 2259 concupiscentize
681 2197 876 2259 subjecta
912 2207 1051 2242 mente
1094 2196 1302 2252 serviret,
1342 2206 1479 2240 totum

101 2266 354 2321 aboleatur,
392 2283 440 2311 ac
465 2266 581 2312 velut
610 2267 775 2312 factum
801 2285 886 2312 non
910 2267 1039 2312 fuerit
1059 2304 1068 2321 ‚
1106 2267 1349 2323 habeatur;
1386 2267 1480 2329 ipsa

99 2354 220 2392 vem,
253 2337 394 2381 soluto
420 2348 559 2383 reatus
584 2337 778 2391 vinculo,
809 2355 895 2401 quo
917 2355 994 2401 per
1013 2337 1131 2382 illam
1157 2335 1357 2381 diabolus
1381 2336 1477 2381 ani-

101 2425 216 2453 mam
237 2408 469 2463 retinebat,
500 2419 539 2453 et
558 2409 863 2454 interclusione
879 2409 1116 2463 destructa,
1145 2424 1231 2470 qua
1254 2407 1478 2452 hominem

103 2497 125 2524 a
165 2495 241 2524 suo
275 2477 480 2524 Creator-e
516 2478 772 2542 separabat,
814 2489 985 2526 maneat
1021 2478 1066 2524 in
1101 2477 1334 2523 certamine
1356 2514 1366 2534 ,
1394 2493 1482 2540 quo
