1763 2838
283 212 311 265 [3
711 223 744 252 S.
788 220 1027 251 AtjGt*ST1N1
1064 220 1265 251 EPISCOPI

281 289 428 347 legunt
459 288 579 333 aliter
614 287 731 339 dici;
759 298 798 331 et
826 297 1005 349 propter
1038 287 1175 349 ipsam
1202 284 1547 349 disputationum
1572 301 1653 330 co-

281 360 400 422 piam
420 396 430 415 ,
466 370 514 404 ut
545 375 631 403 non
661 357 800 402 solum
827 357 881 402 ad
916 357 1139 416 diligentes
1173 374 1236 402 res
1271 374 1366 402 rara
1398 355 1649 419 perveniat,

280 428 353 473 sed
374 427 599 491 quodlibet
620 445 666 471 ex
688 427 832 472 multis
850 428 894 471 in
913 443 1065 472 manus
1087 428 1213 471 etiam
1236 426 1554 486 negligentioris
1578 426 1654 470 in-

282 509 442 544 currat.
473 497 656 542 Proinde
673 515 910 542 sermonem
933 497 985 542 de
1005 496 1133 541 unico
1148 496 1366 559 baptismo
1389 495 1444 540 ab
1464 495 1520 540 eis
1537 512 1655 540 00111-

281 568 470 628 positum
490 604 499 617 ,
530 586 550 611 a
575 568 735 629 quibus
756 568 998 630 baptismus
1023 566 1227 622 iteratur,
1257 582 1385 628 quem
1416 565 1525 610 mihi
1553 582 1655 610 cum

276 637 320 682 in
338 654 434 682 rure
457 637 583 681 simul
607 654 811 691 essemus,
840 657 862 682 a
890 638 1028 682 nescio
1061 654 1147 699 quo
1177 636 1505 680 Donatistarum
1530 652 1655 698 pres-

277 708 431 770 bytero
458 718 684 770 acceptum
706 708 860 753 dedisti
884 745 893 763 ,
921 720 1050 771 atque
1078 718 1125 752 ut
1150 708 1188 752 ei
1209 706 1516 770 responderem
1537 705 1656 751 mul-

283 789 371 823 tum
393 779 536 841 petisti
551 816 561 829 ,
584 796 669 824 11011
688 780 768 824 nisi
788 780 1023 825 verborum
1047 780 1228 842 strepitu
1251 778 1450 824 inflatum
1471 815 1482 834 ,
1511 788 1552 822 et
1577 794 1654 822 ea-

279 849 503 893 lumniosis
546 850 923 895 criminationibus
969 861 1213 912 asperatum
1234 888 1245 907 ,
1284 849 1382 897 vide
1423 848 1656 909 adjuvante

283 918 472 962 Domino
500 929 661 980 quanta
687 918 894 964 facilitate
913 920 1149 966 confutem.

348 988 405 1032 ll.
442 988 588 1032 Prima
610 987 697 1033 11110
724 989 887 1033 invidia
918 1000 976 1034 est
1002 1007 1011 1033 :
1040 989 1211 1045 «Quod
1236 989 1470 1034 ventilatur
1491 987 1535 1032 in
1565 1002 1655 1050 pu-

281 1058 398 1103 blico
427 1075 490 1103 res
515 1069 689 1104 secreta.
716 1082 734 1100 »
765 1061 954 1105 'saccant
970 1077 1069 1119 ergo
1085 1061 1159 1122 qui
1177 1061 1262 1105 boc
1282 1059 1374 1105 sieri
1392 1059 1548 1104 debere
1567 1074 1656 1103 non

278 1138 452 1191 putant.
484 1130 571 1173 Aut
595 1129 627 1173 si
653 1128 704 1174 ad
731 1129 996 1192 loquendum
1019 1131 1115 1189 cogi
1136 1148 1176 1174 se
1195 1129 1349 1174 dicunt
1365 1166 1375 1184 ‚
1402 1139 1450 1174 ut
1471 1145 1655 1191 respon-

280 1199 408 1244 deant
433 1209 581 1244 contra
613 1200 922 1253 sentientibus3
949 1200 1047 1245 hzec
1079 1201 1206 1245 etiam
1241 1210 1385 1244 nostra
1413 1216 1540 1244 causa
1564 1209 1652 1255 est,

279 1280 327 1315 ut
351 1269 704 1332 respondeamus,
730 1287 817 1314 non
840 1270 978 1315 solum
998 1281 1149 1315 contra
1170 1269 1469 1323 sentientibus,
1487 1284 1658 1314 verum·

280 1341 408 1385 etiam
442 1351 590 1385 contra
626 1340 901 1387 facientibus.
953 1342 1095 1386 Debet
1126 1342 1239 1385 enim
1272 1340 1419 1403 palam
1453 1338 1656 1398 redargui

279 1410 398 1474 quod
427 1410 471 1456 in
489 1410 660 1456 occulto
685 1422 837 1464 nocet;
869 1412 971 1474 quia
995 1422 1035 1456 et
1064 1411 1207 1474 palam
1244 1410 1519 1466 defenditur,
1555 1426 1656 1455 cum

280 1480 483 1524 suadetur
508 1481 553 1524 in
579 1481 752 1525 occulto
779 1482 896 1544 quod
933 1493 1085 1526 noceat
1118 1499 1219 1527 011111
1253 1481 1496 1544 perficitur.
1542 1481 1656 1525 Nam

276 1550 373 1612 quis
394 1567 539 1594 coram
566 1551 757 1612 profanis
779 1567 1041 1613 quemquam
1065 1552 1292 1613 baptizati)
1312 1552 1364 1595 Et
1387 1561 1528 1594 tamen
1544 1549 1657 1612 bap·-

281 1619 398 1664 tizari
421 1619 690 1663 Christianos
717 1619 859 1663 nullus
890 1619 1098 1682 profanus
1124 1621 1323 1679 ignorat,
1359 1619 1436 1683 qui
1463 1618 1586 1664 audit
1610 1618 1656 1665 in

278 1688 460 1751 publico
479 1725 489 1743 ,
516 1689 634 1750 quod
655 1689 687 1734 si
707 1689 843 1733 credit
862 1727 872 1741 ,
894 1690 1110 1752 percipiat
1129 1690 1174 1735 in
1198 1700 1376 1736 secreto.

347 1760 427 1804 111.
470 1758 704 1803 Videamus
722 1776 820 1818 ergo
846 1760 898 1804 de
917 1761 1192 1822 baptismatis
1218 1760 1442 1806 iteratione
1469 1758 1576 1823 quid
1593 1758 1658 1804 di-

277 1839 405 1883 cant,
443 1829 519 1890 qui
550 1828 901 1874 verecumlantur
936 1830 1023 1874 boc
1059 1831 1103 1875 in
1142 1841 1291 1894 aperto
1332 1830 1499 1885 dicere,
1537 1827 1657 1892 quod

279 1899 445 1944 utinam
482 1899 525 1943 in
553 1909 701 1961 aperto
728 1900 926 1944 timerent
951 1900 1190 1948 admittere.
1223 1923 1241 1941 α
1265 1901 1352 1946 Ubi
1379 1900 1432 1945 sit
1450 1937 1461 1956 ,
1486 1900 1652 1962 inquit,

278 1985 427 2013 verum
456 1968 670 2031 baptisma
695 1971 918 2031 quaeritur.
946 1971 1153 2017 »Deinde
1179 1971 1405 2032 subjungit
1427 1988 1438 2015 ε
1464 1991 1484 2011 «
1511 1970 1657 2032 Usque

278 2038 383 2083 adeo
403 2054 544 2082 meum
563 2049 648 2091 est,
672 2049 718 2083 ut
739 2039 856 2101 quod
879 2057 900 2084 a
925 2057 993 2085 me
1017 2041 1195 2086 unicum
1217 2041 1370 2087 datum
1390 2051 1474 2096 est,
1501 2056 1581 2084 1160
1600 2039 1656 2084 ab

280 2108 381 2169 ipsis
406 2107 618 2165 sacrilegis
637 2109 826 2155 iteretur.
856 2132 873 2150 1)
910 2110 993 2154 Cui
1024 2112 1335 2174 respondemus
1369 2129 1379 2156 :
1418 2109 1657 2169 Sacrilegus

281 2195 367 2221 non
403 2187 486 2231 est,
519 2178 593 2238 qui
628 2180 805 2223 unicum
842 2179 1088 2241 baptisma,
1122 2199 1210 2227 non
1245 2181 1366 2244 quod
1400 2192 1549 2236 tuum,
1583 2178 1657 2225 sed

279 2247 398 2311 quod
436 2247 597 2291 Christi
631 2259 716 2300 est,
754 2249 906 2294 iterare
934 2268 1018 2294 11011
1054 2252 1197 2298 audet.
1245 2251 1410 2297 (lhristi
1447 2261 1509 2296 est
1540 2250 1657 2295 enim

275 2318 400 2363 unica
432 2316 615 2361 bominis
638 2318 681 2361 in
704 2318 963 2380 baptismate
998 2325 1267 2367 consecratio
1284 2359 1294 2377 ,
1323 2332 1398 2366 tua
1429 2331 1491 2366 651
1513 2330 1657 2365 autem

276 2387 393 2434 unici
416 2386 686 2447 baptismatis
705 2388 884 2434 iteratio.
918 2390 1100 2449 Corrigo
1133 2391 1177 2436 in
1202 2402 1243 2436 te
1268 2390 1389 2454 quod
1411 2401 1533 2436 tuum
1565 2399 1650 2446 est,

273 2471 457 2517 agnosco
484 2455 602 2516 quod
629 2456 791 2502 Christi
809 2468 884 2504 est.
918 2459 1015 2504 Hoc
1039 2461 1154 2505 enim
1177 2464 1347 2519 justum
1367 2471 1458 2516 est,
1483 2470 1532 2506 ut
1552 2475 1656 2505 eum

274 2523 633 2573 malahominum
664 2527 945 2588 reprobamus
964 2565 974 2584 ,
1016 2546 1306 2594 quaecumque
1340 2531 1386 2578 in
1418 2529 1501 2578 illis
1532 2529 1651 2581 bona
