1763 2838
188 207 363 241 CONTRA
399 203 693 239 GAUDENTIUM
727 203 894 236 DONAT.
935 202 1101 246 Briso„
1140 204 1227 236 Lm.
1270 205 1301 239 1.
1376 205 1469 253 209

92 271 282 321 facerent
305 273 381 322 uni
404 273 496 320 Deo
509 270 543 320 4.
577 270 704 318 Unde
726 270 814 318 hoc
839 269 954 317 idem
981 269 1102 335 quod
1129 272 1341 319 Dominus
1358 289 1471 338 prae-

93 343 201 390 dixit
228 345 340 403 suis,
375 354 448 391 aut
480 360 559 408 per
590 342 612 387 J
621 341 768 388 udaeos
792 340 1022 406 impletum
1055 352 1140 400 est,
1174 343 1251 407 qui
1273 356 1473 393 sanctum

95 414 370 480 Stephanum
394 425 435 461 et
466 413 625 461 multos
658 412 761 459 alios
787 411 1093 471 oeciderunt2‚
1118 413 1226 461 dum
1254 416 1475 480 putabant

93 502 135 532 se
150 486 342 534 officium
366 487 451 533 Deo
476 485 641 542 facere,
670 484 879 549 quoniam
906 499 1045 529 unum
1062 501 1211 532 verum
1234 487 1376 534 Deum
1396 506 1477 535 co—

94 556 179 604 lere
194 558 459 604 videbantur
481 576 492 604 :
524 568 598 604 aut
623 567 734 603 etam
754 555 881 602 nobis
896 592 909 611 ,
938 554 983 601 id
1003 566 1090 613 est,
1113 557 1353 605 Catholicis
1377 559 1478 606 dic-

96 639 191 674 tum
205 640 267 675 est
283 629 337 675 de
351 629 527 676 diversis
547 627 765 675 haereticis
783 643 1094 691 usquequaque
1111 626 1361 676 furentibus
1373 669 1383 687 ,
1403 632 1483 696 qui

95 700 172 745 ubi
196 712 408 763 possunt,
439 712 481 746 et
505 699 681 763 quando
716 708 896 762 possunt
917 735 929 754 ‚
957 708 997 743 et
1018 699 1240 761 quomodo
1269 714 1477 763 possunt,

97 770 337 816 occidendo
374 771 654 821 Catholicos,
691 779 853 834 putant
891 785 932 814 se
965 768 1157 815 officium
1191 770 1283 816 Deo
1312 771 1477 828 facere3

99 842 367 905 maximeque
381 842 433 888 de
451 842 576 889 vobis
588 879 598 897 ‚
621 842 697 905 qui
713 841 990 905 preecipuum
1007 841 1132 886 vobis
1151 858 1309 888 nomen
1324 842 1483 891 fecistis

98 913 143 958 in
166 912 311 959 Africa
332 913 384 958 de
409 914 566 959 talibus
584 913 787 959 victimis.
818 915 927 957 [Nam
952 912 985 956 si
1009 911 1134 957 vobis
1157 912 1325 959 dictum
1344 927 1451 961 esset
1469 953 1480 973 ‚

97 999 184 1028 non
204 983 353 1046 utique
376 1001 451 1028 vos
483 983 564 1046 ipsi
595 982 841 1029 occideritis
860 1019 870 1037 ,
908 980 981 1027 sed
1011 984 1290 1044 expectaretis
1309 1002 1331 1029 a
1358 986 1485 1032 nobis

98 1053 244 1116 potius
273 1053 438 1106 accidi‚
464 1054 539 1116 qui
561 1064 765 1117 putamus
788 1069 865 1097 nos
881 1089 892 1107 ,
914 1063 962 1097 ut
981 1050 1124 1096 dicitis
1141 1089 1151 1108 ,
1178 1070 1279 1098 cum
1304 1054 1350 1100 id
1371 1055 1485 1101 faci-

98 1140 218 1178 mus,
253 1123 442 1169 officium
472 1124 562 1169 Deo
592 1123 744 1170 facere.
783 1124 912 1168 Nunc
934 1138 1038 1167 vero
1063 1139 1162 1168 cum
1193 1122 1402 1171 festinatis
1429 1126 1486 1172 ad

102 1205 312 1251 mortem,
346 1212 399 1239 ne
433 1212 455 1239 a
489 1194 646 1239 nostris
682 1192 942 1247 teneamini;
981 1192 1125 1238 vivere
1152 1194 1363 1253 metuitis,
1396 1214 1487 1243 non

103 1263 269 1317 occidi3
296 1264 398 1327 quia
431 1263 684 1309 erubescitis
716 1262 900 1321 corrigi,
925 1272 999 1307 aut
1024 1261 1078 1308 de
1099 1274 1239 1310 vestro
1262 1267 1479 1315 convinci,

103 1334 170 1379 An
190 1334 298 1380 sorte
313 1351 388 1379 vos
407 1335 504 1379 estis
528 1333 582 1379 ad
607 1350 715 1397 quos
741 1343 977 1396 utrumque
994 1334 1238 1396 pertineat,
1262 1338 1364 1400 quia
1384 1356 1487 1384 cum

101 1404 354 1450 occidimini
370 1415 411 1450 et
430 1422 503 1450 vos
523 1422 544 1449 a
559 1404 684 1449 vobis
697 1441 707 1459 ,
728 1404 894 1467 putatis
912 1421 987 1449 vos
1004 1404 1195 1451 ossicium
1210 1408 1300 1453 Deo
1316 1408 1454 1455 facere
1471 1446 1483 1466 9

101 1485 143 1521 et
165 1475 246 1520 has
276 1476 313 1521 ei
337 1477 534 1522 victimas
559 1475 612 1521 de
644 1476 769 1521 vobis
798 1475 930 1521 dare?
970 1475 1035 1521 Ad
1070 1494 1145 1522 vos
1169 1496 1268 1538 ergo
1300 1481 1489 1543 pertinet

102 1545 222 1608 quod
235 1547 448 1611 sequitur,
470 1557 596 1610 atquc
611 1546 686 1593 abs
703 1556 742 1591 te
755 1557 1143 1592 commemoratum
1159 1559 1232 1595 est.
1257 1555 1357 1596 Mox
1372 1552 1485 1598 enim

102 1617 319 1664 Dominus
345 1618 567 1678 adjunxit,
588 1629 628 1664 et
648 1619 705 1663 ait
728 1635 739 1662 ε
762 1639 781 1659 α
805 1617 890 1662 Sed
908 1617 1005 1663 haec
1025 1618 1185 1664 facient
1207 1621 1332 1667 vobis
1350 1660 1360 1679 ‚
1384 1624 1488 1687 quia

103 1708 124 1729 n
144 1705 232 1734 non
257 1700 555 1750 cognoverunt
574 1692 743 1735 Patrem
767 1705 906 1751 neque
927 1688 1038 1736 me3.
1069 1712 1087 1731 υ
1114 1692 1227 1737 Cum
1252 1693 1398 1757 itaque
1412 1712 1489 1740 vos

102 1757 220 1821 ipsos
238 1760 457 1812 occiditis,
476 1770 677 1824 putantes
697 1776 771 1804 vos
795 1758 985 1804 ossieium
1001 1759 1092 1806 Deo
1111 1760 1251 1808 facere
1265 1800 1276 1819 ,
1299 1782 1377 1810 nec
1396 1767 1488 1811 Pa-

104 1839 210 1875 trem
234 1831 519 1891 cognovistis,
551 1848 680 1895 quem
704 1848 792 1876 non
815 1829 993 1875 audistis
1011 1830 1257 1879 dicentem!⁸
1277 1853 1287 1879 ε
1314 1837 1481 1897 Fugite.

168 1902 352 1949 XXVII.
395 1902 537 1948 Verba
558 1900 764 1965 Epistolae
785 1919 795 1945 ε
817 1922 837 1941 «
861 1900 945 1946 Sed
964 1901 1173 1948 belliferae
1188 1942 1198 1959 ‚
1220 1906 1384 1969 inquit,
1402 1926 1488 1970 pa-

104 1971 164 2017 cis
182 1983 461 2036 cruentaeque
483 1972 660 2017 unitatis
685 1970 1095 2030 seincolasjactant.
1117 1974 1309 2020 Audiant
1328 1977 1487 2022 Domi-

104 2061 210 2089 num
228 2043 442 2089 dicentem
463 2061 472 2089 :
491 2064 510 2084 «
529 2044 687 2089 Pacem
708 2059 846 2087 meam
865 2041 923 2086 do
942 2042 1068 2088 vobis
1083 2081 1093 2099 ,
1116 2061 1268 2107 pacem
1289 2046 1488 2111 relinquo

106 2135 126 2155 »
143 2114 268 2158 vobis
291 2132 301 2158 :
323 2131 411 2159 non
440 2115 551 2159 sicut
575 2113 785 2159 saeculum
808 2112 905 2166 dat,
925 2128 1002 2172 ego
1024 2113 1081 2159 do
1096 2116 1220 2160 vobis
1236 2116 1268 2161 5.
1290 2137 1310 2157 »
1326 2116 1488 2164 Saeculi

105 2183 220 2228 enim
248 2200 329 2245 pax
353 2183 464 2229 inter
481 2183 646 2229 animos
671 2182 863 2242 gentium
892 2180 1144 2229 dissidentes
1171 2185 1302 2231 armis
1325 2198 1368 2232 et
1383 2187 1488 2234 belli

106 2253 219 2299 exitu
230 2252 472 2299 foederatur
491 2272 500 2298 :
522 2252 699 2298 Domini
713 2251 878 2297 Christi
895 2269 979 2314 pax
997 2253 1162 2299 salubri
1179 2254 1353 2302 lenitate
1371 2268 1487 2304 tran-

106 2323 242 2388 quilla
258 2361 269 2379 ‚
287 2323 478 2370 volentes
496 2324 649 2370 invitat
663 2359 674 2375 ,
696 2339 784 2368 non
803 2323 920 2381 cogit
938 2322 1109 2372 invitos.
1134 2346 1154 2366 >2
1173 2325 1240 2370 Ad
1254 2325 1352 2373 haec
1367 2345 1482 2393 resp.

155 2420 166 2441 ¹
186 2422 278 2451 Forte
303 2431 372 2451 eum
407 2420 466 2452 hoc
494 2420 632 2452 facerent
648 2443 656 2458 ‚
681 2430 746 2451 non
777 2417 832 2450 nni
858 2420 940 2452 Deo.
957 2438 1001 2444 —
1015 2419 1031 2442 ²
1048 2425 1120 2456 Act.
1138 2437 1201 2468 vu,
1223 2429 1276 2468 57,
1294 2446 1340 2453 -
1355 2429 1369 2453 3
1385 2434 1486 2468 3οη.

107 2484 184 2513 xvx,
207 2475 237 2505 3.
257 2490 302 2496 —
321 2470 335 2494 ⁴
362 2476 460 2504 Deest
484 2474 535 2504 hic
553 2475 689 2504 alterum
717 2472 913 2510 membrum,
927 2473 1022 2515 forte
1036 2499 1044 2512 ‚
1067 2487 1161 2519 quem
1185 2491 1247 2513 non
1270 2484 1400 2518 audistis
1418 2497 1492 2529 pro·

107 2526 284 2558 bibentem.
305 2529 377 2559 Non
399 2528 520 2560 occides
535 2539 540 2559 :
558 2539 615 2559 nec
633 2528 745 2560 Filium
764 2525 964 2568 cognovistis.
981 2546 1027 2553 ·-
1042 2529 1056 2552 ⁵
1075 2534 1168 2564 Joan.
1189 2545 1254 2575 xiv,
1275 2548 1332 2576 ²7·

240 2597 333 2626 exn.
1309 2590 1362 2644 14
