1763 2838
269 115 360 161 ’.2ῧῦ
688 131 723 158 S.
766 129 1009 158 AUGUSTINI
1044 127 1247 157 Episcopi

269 196 449 241 maxime
473 196 571 258 quia
598 206 639 241 ct
664 195 743 259 ipsi
770 195 922 250 vestri,
963 211 1063 240 cum
1102 194 1406 251 cognoverint,
1446 211 1534 239 non
1563 194 1645 239 tibi

268 265 444 309 fortasse
462 266 870 319 communicalmnt,
892 287 908 304 α
930 265 1135 327 quoniam
1149 265 1347 308 'tribuno
1360 263 1548 309 Dulcitio
1568 281 1645 326 per

269 335 354 380 hoc
379 336 560 380 verbum
582 336 929 380 communicasti.
977 335 1078 383 tiia,
1112 334 1243 378 frater
1276 334 1516 387 Gaudenti,
1558 333 1644 378 noli

269 404 448 467 perdere
471 406 738 450 occasionem
759 443 768 457 ,
795 422 927 468 quam
957 404 1036 449 tibi
1059 404 1185 448 etiam
1207 420 1282 466 per
1309 415 1425 448 tuam
1448 404 1643 463 linguam

271 475 483 520 Dominus
509 475 641 522 dedit.
669 478 732 522 An
758 476 866 521 forte
895 475 947 519 ad
974 475 1060 519 hoc
1084 475 1277 520 irasceris
1296 511 1306 529 ‚
1333 473 1451 537 quod
1470 473 1645 518 fratrem

269 548 406 591 voco?
430 546 526 591 Hoc
545 547 658 592 enim
677 564 831 592 nomen
851 546 1011 591 anobis
1030 545 1157 590 etiam
1174 545 1216 589 in
1239 555 1358 589 110511
1362 562 1383 588 (ι
1403 543 1646 589 Collatione

270 615 518 677 respuistis·
541 617 617 661 uhi
638 616 882 662 ostendistis
908 634 981 661 nos
1001 633 1112 665 esse
1130 614 1290 677 quibus
1306 615 1520 659 Dominus
1534 631 1646 677 piae-

271 687 386 748 cepit
410 704 486 749 per
507 688 807 750 Prophetam:
836 709 855 728 α
878 688 968 732 Di(
962 699 1050 731 ite:
1080 688 1247 730 Fratres
1274 685 1407 730 nostri
1425 685 1522 730 estis
1540 722 1550 740 ‚
1588 685 1647 730 eis

273 777 293 796 >2
318 756 394 817 qui
429 773 502 801 vos
525 756 739 812 oderunt,
768 768 810 802 et
838 757 913 819 qui
947 774 1020 801 xos
1044 753 1368 800 detestanturt·
1359 789 1369 798 .
1393 776 1411 795 >³
1441 771 1516 799 105
1546 771 1647 799 vero

271 826 315 870 in
349 843 528 871 numero
561 844 708 871 corum
745 845 856 883 csse,
897 828 970 890 qui
1008 827 1107 871 istos
1130 826 1290 889 quibus
1316 825 1402 870 hoc
1436 825 1648 870 Dominus

273 895 406 951 dicit,
435 896 620 941 oderunt
637 908 677 941 et
694 897 974 942 detestantur.
1001 897 1164 954 Negare
1185 907 1299 940 certe
1324 912 1409 940 non
1449 906 1571 958 potes
1608 905 1648 939 te

273 965 521 1024 religionem
543 965 694 1011 dixisse
714 1004 723 1022 ‚
747 968 790 1011 in
816 984 902 1030 qua
927 978 989 1010 cst
1006 967 1231 1010 Tribunus
1254 964 1482 1011 Dulcitius.
1510 966 1648 1028 Prop-

274 1046 385 1081 terea
409 1036 526 1081 illam
551 1037 631 1082 tibi
656 1038 893 1100 Epistolam
911 1037 1026 1081 misit
1042 1074 1053 1093 ⁷
1076 1037 1226 1099 utique
1243 1046 1292 1080 ut
1310 1046 1348 1081 te
1366 1052 1454 1080 non
1473 1035 1648 1081 occide—

274 1123 340 1151 res
356 1144 365 1162 ,
399 1117 441 1151 et
466 1106 528 1151 illi
560 1108 788 1163 Ecclesia),
810 1108 853 1153 in
873 1125 959 1170 qua
988 1118 1049 1152 cst
1073 1107 1187 1170 ipse9
1220 1106 1576 1152 communicares.
1604 1105 1649 1151 Si

274 1194 373 1236 ergo
391 1177 526 1239 ipsius
547 1178 694 1237 religio
723 1190 807 1235 est,
831 1190 903 1224 tua
931 1178 1179 1241 superstitio
1194 1188 1269 1223 est.
1303 1177 1513 1232 Quamvis
1534 1176 1648 1221 enim

276 1249 406 1293 ambo
425 1248 548 1293 vobis
565 1249 651 1293 1100
673 1249 858 1294 invicem
876 1249 1063 1294 dixeritis
1088 1267 1098 1293 z
1123 1248 1240 1307 eligis
1262 1248 1556 1311 tamenipsum
1572 1264 1649 1310 po-

277 1318 360 1363 tius
382 1318 536 1363 falsum
561 1318 711 1364 dixisse
729 1356 739 1374 ,
762 1337 893 1382 quam
918 1330 972 1365 10.

339 1388 465 1434 Xlll.
513 1389 812 1444 Quamobrem
835 1389 1075 1434 secundum
1105 1389 1376 1434 verissimum
1404 1389 1492 1433 hoc
1524 1399 1649 1433 tuum

280 1457 588 1514 testimonium,
606 1470 648 1503 et
670 1469 787 1503 tuam
805 1460 1068 1506 verissimam
1093 1459 1397 1523 expositionem
1414 1495 1424 1513 ‚
1443 1459 1647 1521 quoniam

277 1528 428 1587 religio
452 1539 513 1573 est
538 1546 671 1592 quam
694 1529 911 1575 Dulcitius
936 1530 1158 1575 Tribunus
1183 1539 1297 1574 tenet
1323 1547 1333 1573 ε
1360 1529 1557 1592 profecto
1578 1545 1649 1573 re-

277 1598 380 1658 ligio
405 1609 466 1644 est
483 1637 494 1655 ‚
529 1616 615 1662 qua
644 1609 683 1644 te
710 1600 761 1644 ad
788 1612 978 1645 nostram
1003 1600 1353 1646 communionem
1377 1609 1650 1662 praeceptum

280 1670 560 1732 Imperatoris
585 1670 783 1733 impellit.
810 1671 934 1716 Unde
961 1672 1010 1715 fit
1039 1686 1304 1733 consequens
1321 1707 1331 1726 ‚
1358 1679 1405 1715 ut
1429 1669 1577 1729 religio
1598 1670 1651 1714 sit

279 1739 405 1784 etiam
426 1777 437 1796 ‚
460 1756 548 1802 qua
569 1740 842 1786 Christianus
878 1742 1120 1804 Imperator
1139 1741 1193 1786 ad
1214 1758 1364 1786 curam
1386 1757 1505 1785 suam
1525 1739 1651 1800 judi-

280 1820 350 1854 cat
378 1812 617 1873 pertinere,
643 1829 695 1856 ne
711 1812 755 1856 in
773 1829 838 1857 res
856 1807 1027 1857 ‘divinas
1055 1812 1235 1874 impune
1259 1822 1463 1873 peccetur
1485 1829 1495 1855 ε
1525 1828 1547 1855 a
1563 1827 1650 1873 quo

280 1891 326 1926 tu
348 1898 436 1926 non
452 1881 516 1927 vis
537 1882 679 1927 curari
692 1882 773 1927 nisi
794 1900 841 1927 ea
857 1899 957 1945 quae
981 1893 1146 1928 terrena
1170 1881 1397 1944 republica
1420 1881 1652 1926 continen-

280 1961 364 1998 tur.
398 1952 522 1998 Unde
551 1963 592 1998 et
623 1970 762 2012 regem
797 1952 1091 1997 Ninivitarum
1110 1990 1120 2007 ‚
1151 1952 1313 1997 oblitus
1340 1951 1445 2015 quid
1472 1953 1647 2011 legeris,

280 2023 447 2085 populo
473 2024 526 2069 de
545 2023 709 2084 agenda
726 2023 985 2086 poenitentia
1010 2040 1097 2068 non
1121 2022 1344 2067 mandasse
1364 2022 1518 2068 dixisti.
1544 2022 1651 2067 Haec

280 2093 394 2138 enim
415 2095 549 2140 verba
581 2105 653 2140 tua
685 2105 785 2139 sunt
809 2094 861 2138 ad
906 2110 975 2138 me
998 2111 1008 2137 :
1046 2093 1203 2149 «Quid
1226 2130 1235 2147 ‚
1270 2093 1412 2155 inquis
1429 2129 1439 2146 ,
1478 2092 1651 2137 miseros

279 2161 475 2228 decipis?
498 2171 619 2210 Jonae
652 2168 768 2208 Deus
796 2163 1035 2227 praeccpit,
1062 2163 1327 2226 prophetam
1357 2161 1570 2206 Dominus
1596 2161 1650 2206 ad

276 2236 491 2298 populum
517 2236 658 2288 misit;
686 2234 796 2279 nihil
822 2233 903 2279 tale
924 2233 1012 2292 regi
1034 2233 1274 2278 mandavit.
1301 2254 1320 2273 n
1347 2232 1532 2277 Adverte
1551 2248 1650 2292 ergo

274 2306 382 2368 quid
408 2308 618 2369 scriptum
644 2306 721 2360 sit,
747 2315 787 2349 et
807 2303 898 2349 noli
919 2303 1046 2348 irasci
1068 2304 1147 2348 tibi
1167 2303 1296 2366 ipsi?q
1320 2302 1395 2365 qui
1419 2301 1484 2346 vel
1505 2300 1651 2347 divina

275 2377 439 2442 scripta
463 2394 551 2422 non
568 2376 746 2429 recolis;
769 2375 837 2422 vel
858 2385 904 2420 tu
924 2374 1068 2437 potius
1088 2374 1262 2419 miseros
1290 2372 1468 2435 decipis,
1497 2393 1517 2414 «
1540 2372 1650 2417 Sur-

321 2464 332 2487 ²
354 2462 424 2494 lsai.
446 2471 530 2499 Lxx-1,
553 2460 686 2502 5‚juxta
701 2470 822 2492 Lxx.—
847 2457 862 2480 2
877 2461 970 2489 Forte
986 2457 1096 2489 irrasci
1119 2457 1177 2488 nisi
1197 2455 1341 2499 tibiipsi.
