1763 2838
269 214 327 258 52
690 227 724 254 s.
770 222 1011 253 At‘Gusrlxl
1047 223 1250 254 Erlscorl

273 310 392 338 error
410 291 464 336 de
492 290 633 336 medio
649 288 887 342 tolleretur,
920 287 1044 348 longe
1063 299 1159 333 ante
1182 305 1314 351 quam
1333 289 1470 352 ipsam
1489 289 1638 336 Colla-

270 364 431 408 tionem
450 362 505 406 ab
525 363 790 423 Imperatore
810 358 1055 421 petivissent
1074 376 1083 402 :
1105 370 1145 403 et
1165 359 1232 403 his
1248 360 1371 418 gestis
1391 361 1639 406 Catholicos

264 432 472 480 volebant
488 429 726 484 ostendere,
748 429 842 474 loeo
859 428 1047 473 assistere
1070 430 1323 491 petitorum,
1348 431 1550 492 quiaillic
1571 448 1641 476 eos

272 502 465 549 dixerant
484 523 501 542 ε(
529 501 784 555 Haereticos‚
817 499 954 544 multa
990 510 1137 544 contra
1162 499 1330 544 divinas
1350 500 1459 559 leges
1480 501 1643 546 huma-

272 589 435 635 nasque
447 571 730 617 committere.
752 592 771 611 >2
793 573 953 615 Contra
967 569 1051 613 hoc
1071 569 1289 614 Catholici
1308 569 1529 626 dicebant,
1547 570 1644 616 ideo

273 660 316 689 se
347 642 475 688 etiam
498 652 602 686 tunc
635 641 846 699 flagitasse
880 639 1190 694 Collationem‚
1224 650 1270 684 ut
1311 651 1464 684 contra
1496 657 1646 686 eorum

276 714 458 760 crimina
476 728 557 774 pro
586 711 775 756 Ecclesia
796 709 1117 772 responderent.
1144 710 1294 772 ltaque
1312 710 1558 772 petiverunt
1571 727 1647 756 sae-

278 785 394 848 pius,
415 794 463 828 ut
476 783 508 827 si
521 800 566 827 ea
584 793 695 842 gesta
709 780 929 827 recitanda
945 791 1097 835 essent,
1113 797 1212 842 quae
1224 781 1369 843 priora
1385 798 1469 826 esse
1484 791 1649 826 consta-

276 865 357 909 ret,
375 854 447 898 illa
469 852 614 915 potius
628 852 885 911 legerentur,
903 851 1229 895 ubiDonatistae
1250 850 1450 912 primitus
1479 867 1650 896 causam

280 922 503 969 Caeciliani
528 921 583 966 ad
620 923 928 983 Imperatorem
959 921 1288 965 Constantinum
1315 938 1393 983 per
1414 921 1652 966 Anulinum

283 992 590 1059 proconsulem
637 992 882 1036 accusando
914 992 1120 1036 miserunt
1163 1009 1173 1035 ε
1215 991 1487 1054 recitatisque
1530 991 1654 1051 gestis

285 1081 386 1128 quae
422 1063 506 1125 ipsi
534 1061 837 1124 proferebant,
866 1078 951 1106 non
975 1072 1075 1105 sunt
1114 1062 1289 1106 recitata
1316 1061 1387 1106 illa
1409 1078 1510 1124 quae
1536 1060 1656 1124 apud

288 1133 518 1200 praefectos
538 1133 690 1177 habita
714 1136 802 1191 jam
835 1143 1059 1194 coeperant
1100 1133 1281 1178 recitari.
1312 1134 1366 1177 lit
1399 1133 1535 1195 coepit
1570 1149 1657 1178 esse

283 1204 531 1257 conflictus,
553 1213 600 1247 ut
627 1203 660 1247 si
683 1213 910 1265 propterea
935 1212 1048 1261 gesta
1080 1219 1181 1265 quae
1206 1202 1444 1247 Donatistae
1466 1202 1658 1265 protule-

287 1285 402 1330 rant,
424 1273 602 1337 praelata
624 1284 722 1317 sunt
740 1273 863 1331 gestis
877 1289 975 1334 quse
996 1290 1017 1316 a
1034 1272 1270 1318 Catholicis
1283 1271 1451 1334 prolata
1469 1273 1656 1329 fuerant,

286 1346 388 1410 quia
404 1345 551 1408 priora
569 1353 736 1405 reperta
755 1353 870 1396 sunt„
891 1353 937 1387 ut
952 1343 1042 1404 ipsa
1061 1343 1206 1405 potius
1234 1343 1516 1388 recitarentur
1533 1363 1545 1397 ς
1571 1343 1659 1389 sal-

290 1427 376 1462 tem
401 1426 499 1478 post
524 1414 717 1477 ipsorum
752 1413 1046 1458 recitationem
1095 1414 1378 1458 recitarentur
1421 1415 1549 1459 etiam
1587 1414 1661 1459 illa

288 1486 415 1544 longe
451 1485 614 1546 priora,
643 1483 720 1527 ubi
747 1499 817 1527 eos
842 1494 1069 1545 appareret
1092 1484 1133 1528 in
1169 1484 1253 1528 hac
1279 1495 1368 1528 tota
1401 1502 1528 1530 causa
1563 1502 1662 1548 quae

292 1556 517 1615 agebatur,
542 1553 746 1616 primitus
768 1564 1035 1598 accusatores
1054 1554 1234 1598 extitisse
1252 1571 1329 1616 per
1359 1556 1663 1617 proconsulem

292 1625 409 1688 apud
435 1626 762 1686 Imperatorem.
792 1625 876 1667 Ista
901 1640 999 1682 ergo
1026 1641 1077 1668 ne
1102 1625 1408 1681 recitarentur,
1435 1626 1664 1671 vehemen-

293 1701 357 1734 ter
400 1688 641 1733 Donatistae
675 1686 1047 1743 obluctabantur,
1087 1688 1233 1733 multis
1269 1700 1310 1734 et
1347 1690 1665 1753 multiplicibus

290 1758 673 1822 prosecutionibus
699 1757 953 1811 resistentes,
980 1758 1092 1802 sicut
1112 1758 1324 1804 obluctati
1354 1759 1523 1806 fuerant
1544 1772 1584 1806 et
1601 1779 1668 1807 ex-

290 1838 501 1875 torserant
525 1845 578 1872 ne
596 1827 668 1872 illa
684 1827 957 1889 prtesectoria
976 1828 1229 1886 legerentur.
1247 1831 1297 1874 In
1317 1830 1401 1876 hac
1426 1842 1566 1877 autem
1593 1832 1668 1877 ob-

292 1898 532 1945 luctatione
572 1915 685 1960 saepe
722 1898 975 1960 repetebant
1008 1898 1118 1943 illud
1147 1902 1236 1958 jam
1280 1900 1513 1958 detritum,
1540 1912 1581 1947 et
1605 1912 1670 1947 tot

294 1968 704 2014 interlocutionibus
721 1968 965 2026 Cognitoris
992 1969 1234 2030 repulsum,
1260 1970 1313 2015 de
1331 1971 1536 2018 mandato
1558 1972 1669 2032 lega-

295 2050 440 2083 torum
468 2038 550 2083 sibi
575 2036 755 2083 edendo.
788 2038 1061 2099 Repetebant
1087 2040 1213 2084 etiam
1243 2041 1544 2104 quaestionem,
1571 2058 1672 2105 quae

297 2108 435 2155 fuerat
462 2112 552 2167 jam
589 2118 685 2152 ante
712 2118 942 2163 transacta,
973 2109 1124 2153 Utrum
1148 2110 1398 2155 testimoniis
1434 2111 1575 2171 Legis,
1617 2129 1673 2156 an

301 2178 492 2240 publicis
531 2177 655 2235 gestis
683 2177 901 2222 Catholici
936 2195 1055 2237 agere
1092 2179 1284 2232 mallent,
1313 2191 1353 2225 et
1376 2180 1600 2236 dicebant,
1625 2191 1674 2226 ut

302 2248 336 2292 si
363 2247 605 2292 testimonia
629 2246 789 2290 divinae
808 2248 930 2305 Legis
950 2248 1170 2306 eligerent,
1195 2250 1379 2295 facerent
1397 2250 1589 2295 omnium
1609 2250 1674 2296 le-

303 2334 403 2375 gum
425 2316 703 2378 publicarum
733 2325 1036 2378 gestorumque
1067 2321 1315 2376 jacturam3
1353 2320 1386 2364 si
1424 2330 1564 2365 autem
1586 2336 1676 2383 pu-

301 2386 429 2432 blicis
466 2386 634 2445 legibus
665 2396 705 2430 et
746 2386 868 2445 gestis
900 2404 1019 2445 agere
1045 2389 1189 2449 potius
1221 2389 1401 2445 vellent,
1429 2390 1676 2435 omitterent

302 2455 450 2503 divina
469 2456 744 2501 documenta.
783 2457 834 2500 Et
858 2467 999 2502 tamen
1030 2458 1062 2502 si
1095 2458 1181 2503 hoc
1201 2458 1402 2518 eligerent
1435 2459 1672 2516 Catholici,

299 2536 349 2573 ut
373 2525 656 2590 publicorum
677 2536 892 2586 gestorum
918 2526 1188 2576 documentis
1210 2530 1359 2592 potius
1380 2540 1550 2590 agerent
1568 2567 1579 2587 ,
1604 2529 1675 2576 di-
