1763 2838
243 155 329 213 104
667 170 700 199 s.
746 168 983 200 Atjct’STlNl
1021 169 1222 201 Eviscom

239 237 429 297 ligebant
450 272 462 292 ,
491 234 566 297 qni
596 251 747 297 pacem
773 252 873 280 cnm
906 239 996 295 ejus
1031 236 1222 281 Ecclesia
1246 253 1335 281 non
1361 235 1601 283 habebant.

304 307 382 353 xl.
426 307 515 351 Nos
544 315 687 350 autem
720 316 904 368 utraque
935 306 1192 369 accipientes
1222 306 1461 351 testimonia
1481 343 1491 362 ,
1530 306 1611 351 de·-

236 376 589 424 monstrabamus
627 385 911 438 utrorumque
951 375 1243 422 concordiam.
1284 376 1396 421 Nam
1431 386 1473 421 et
1502 375 1611 421 illud

240 447 589 510 accipiebmnus„
631 445 750 509 quod
792 446 835 490 in
873 445 958 491 suis
992 445 1141 491 litteris
1171 456 1616 491 commemoraverunt

239 518 446 565 Ecclesiae
469 516 636 561 dictum
660 534 746 561 esse
771 534 781 561 ε
806 538 824 556 «
843 518 932 562 Nec
955 516 1129 576 adjiciet
1146 517 1259 562 ultra
1277 533 1356 580 per
1375 527 1415 562 te
1437 516 1615 562 transire

238 609 260 630 >³
285 586 616 634 incircumcisus
637 597 678 631 et
698 586 949 632 immundus
963 586 979 615 '1
1005 604 1014 631 :
1037 608 1057 628 ›>
1076 597 1116 632 et
1135 587 1245 632 illud
1268 585 1387 650 quod
1404 587 1616 650 scriptum

237 669 300 705 est
326 676 337 703 :
365 679 388 700 (ι
414 657 548 703 Sinite
572 668 754 720 utraque
789 674 974 703 crescere
1008 675 1141 720 usque
1166 657 1221 703 ad
1242 657 1474 703 messem2:
1500 677 1520 698 >³
1543 654 1618 703 sed

245 730 334 775 hoc
362 745 448 774 6556
471 728 516 773 in
546 745 673 788 agro,
702 727 813 773 illud
841 727 1040 773 futurum
1072 729 1116 774 in
1141 728 1311 775 horreo.
1343 727 1542 790 Denique
1576 736 1618 773 et

241 800 326 864 ipsi
349 799 424 862 qui
444 799 520 844 diu
539 799 879 855 contenderunt,
912 799 1100 845 dicentes
1123 817 1134 844 :
1161 821 1180 840 α
1202 799 1377 846 Zizania
1395 815 1494 862 quae
1517 814 1619 844 cum

242 886 344 916 Cum
357 869 502 914 tritico
522 869 651 914 simul
672 886 858 914 crescere
874 887 1009 934 usque
1023 869 1076 915 ad
1093 886 1267 915 messem
1280 869 1485 932 permissa
1503 878 1620 925 sunt,

241 956 331 986 non
357 939 402 985 in
425 938 617 985 Ecclesia
632 976 643 995 ,
667 940 737 984 sed
758 940 802 984 in
826 939 993 985 mundo
1018 957 1102 985 esse
1117 977 1127 995 ,
1149 961 1170 983 »
1189 950 1339 986 contra
1357 939 1626 985 intellectum

241 1010 451 1074 martyris
473 1009 684 1073 Cypriani
701 1047 711 1066 ‚
728 1010 805 1073 qui
818 1010 924 1055 dixit
943 1028 953 1054 ε
979 1031 998 1051 α
1019 1014 1075 1055 Et
1095 1011 1128 1055 si
1148 1011 1352 1056 videntur
1371 1010 1416 1055 in
1433 1008 1626 1055 Ecelesia

241 1098 330 1127 6556
354 1080 544 1135 zizania,
582 1097 668 1125 non
712 1090 856 1125 tamen
895 1079 1100 1143 impediri
1137 1080 1267 1126 dehet
1301 1091 1376 1126 aut
1398 1079 1525 1136 fides,
1555 1088 1629 1124 aut

250 1151 441 1197 charitas
466 1161 636 1207 nostra,
666 1161 714 1196 ut
733 1152 939 1214 quoniam
956 1151 1116 1196 zizania
1140 1169 1225 1198 esse
1248 1151 1294 1197 in
1318 1150 1510 1197 Ecclesia
1531 1166 1629 1195 cer-

249 1221 393 1268 nimus
413 1259 423 1276 ,
448 1221 531 1284 ipsi
563 1221 616 1267 de
643 1221 835 1267 Ecclesia
860 1222 1152 1270 recedamusss.
1174 1242 1195 1264 »
1224 1223 1279 1268 Et
1304 1221 1495 1268 nolentes
1519 1237 1630 1266 con-

249 1293 406 1338 sentire
426 1291 581 1338 mundi
601 1292 775 1338 nomine
790 1292 1027 1338 Ecclesiam
1048 1310 1170 1356 posse
1196 1292 1429 1353 significari
1446 1330 1458 1346 ,
1481 1302 1631 1337 contra

248 1362 384 1409 verba
407 1362 606 1425 Apostoli
622 1363 697 1425 qui
712 1361 818 1407 dixit
839 1379 850 1408 :
874 1384 889 1404 a
911 1362 1028 1408 Deus
1052 1373 1142 1408 erat
1157 1363 1202 1408 in
1218 1363 1394 1409 Christo
1417 1362 1632 1408 mundum

249 1453 272 1474 >³
293 1433 579 1480 reconcilians
596 1433 710 1478 sibil⁸
737 1451 747 1478 :
773 1454 792 1474 ³>
811 1444 851 1479 et
875 1444 1027 1479 contra
1046 1434 1181 1498 ipsius
1202 1435 1336 1482 verba
1356 1434 1533 1480 Domini
1557 1433 1634 1497 qui

250 1502 359 1550 dixit
385 1521 396 1548 t
431 1525 451 1545 α
473 1505 570 1549 Non
603 1503 721 1548 venit
746 1503 880 1549 Filius
902 1504 1092 1550 hominis
1122 1515 1170 1550 ut
1196 1504 1366 1564 judicet
1389 1504 1601 1550 mundum
1618 1541 1630 1560 ‚

254 1595 276 1617 »
301 1573 374 1619 sed
396 1584 445 1620 ut
469 1573 658 1620 salvetur
678 1573 867 1619 mundus
892 1591 970 1637 per
992 1574 1163 1637 ipsum5
1185 1592 1196 1619 ε
1222 1596 1242 1616 »
1266 1591 1406 1638 neque
1429 1575 1542 1620 enim
1563 1591 1635 1619 re-

253 1643 481 1689 conciliari
505 1645 593 1688 Deo
611 1655 653 1688 et
678 1643 830 1690 salvari
864 1662 942 1707 per
977 1645 1123 1707 ipsum
1147 1644 1334 1690 mundus
1363 1655 1529 1709 potest,
1554 1645 1636 1690 nisi

251 1712 410 1760 mundi
440 1713 615 1758 nomine
644 1713 911 1774 intelligatur
940 1714 1129 1760 Ecclesia
1148 1753 1159 1772 ‚
1186 1732 1287 1779 quae
1314 1715 1403 1761 sola
1429 1732 1507 1779 per
1537 1731 1637 1761 eum

253 1785 348 1830 Deo
375 1784 654 1830 reconciliata
669 1784 888 1831 salvatur:
907 1796 1047 1831 tamen
1063 1786 1108 1831 in
1121 1786 1195 1832 illa
1213 1785 1494 1832 similitudine
1506 1801 1638 1849 quam

250 1870 298 1901 ex
331 1854 567 1914 Evangelio
606 1855 1069 1913 commemoravimus‚
1096 1856 1216 1920 quod
1247 1868 1288 1903 et
1318 1857 1424 1902 boni
1457 1866 1499 1902 et
1534 1854 1640 1902 mali

253 1925 447 1989 pisces⁶‚
475 1942 563 1988 quo
585 1942 720 1989 usque
742 1926 787 1972 in
807 1926 976 1982 littore,
1001 1927 1089 1973 hoc
1108 1939 1169 1973 est
1188 1965 1198 1984 ‚
1221 1928 1266 1974 in
1291 1929 1376 1974 fine
1400 1927 1547 1974 saeculi
1571 1944 1639 1973 se-

255 2007 487 2060 parentur,
511 1998 625 2043 intra
658 1998 806 2044 eadem
834 1999 1032 2062 permixti
1068 2000 1175 2046 retia
1203 2001 1498 2056 continentur,
1534 1998 1641 2046 victi

257 2067 475 2113 evidentia
507 2068 698 2115 veritatis
721 2069 857 2115 malos
889 2071 934 2114 in
953 2069 1145 2116 Ecclesia
1174 2088 1306 2135 usque
1336 2071 1382 2116 in
1402 2071 1533 2115 finem
1554 2086 1640 2115 sae-

253 2138 343 2183 culi
380 2139 616 2200 permixtos
649 2157 734 2185 esse
770 2140 949 2186 confessi
974 2152 1099 2195 sunt3
1136 2141 1208 2187 sed
1232 2159 1302 2187 eos
1340 2140 1534 2187 occultos
1555 2157 1641 2186 esse

258 2207 486 2265 dixerunt,
511 2210 718 2272 quoniam
737 2211 797 2256 sic
824 2229 844 2256 a
870 2212 1165 2258 sacerdotibus
1185 2214 1457 2274 ignorantur,
1484 2227 1637 2275 quem-

264 2278 505 2323 admodum
532 2279 670 2342 pisces
694 2281 807 2326 intra
836 2283 939 2326 retia
967 2300 1067 2327 cum
1098 2283 1245 2329 adhuc
1270 2285 1313 2330 in
1337 2283 1445 2329 mari
1464 2293 1587 2339 sunt,
1618 2299 1642 2328 a

255 2349 551 2412 piscatoribus
572 2351 684 2396 intra
710 2353 815 2399 retia
832 2369 920 2398 non
939 2353 1153 2401 videntur.
1181 2354 1416 2413 Quomodo
1435 2371 1534 2416 ergo
1554 2364 1643 2401 tes-

313 2448 323 2469 ¹
347 2449 416 2481 isai.
435 2460 492 2492 rui,
516 2461 542 2480 1.
559 2469 601 2474 —
619 2450 634 2472 ²
654 2450 857 2491 Manh.x111‚
875 2455 982 2485 30.—
1000 2452 1014 2478 3
1036 2455 1135 2500 Epist.
1156 2455 1193 2489 ad
1215 2455 1304 2492 Max.
1319 2471 1363 2480 —·
1376 2453 1390 2479 4
1405 2466 1423 2488 2
1441 2456 1517 2491 Cor,
1536 2466 1566 2501 v,
1588 2465 1642 2498 ¹9·

260 2516 306 2524 ·-
325 2498 517 2544 5Joan,1u‚
542 2515 593 2543 17·
613 2502 685 2527 -0
706 2504 981 2552 Ma1.111.x111,s.7.
