<?xml version="1.0" encoding="UTF-8"?>
<!DOCTYPE html PUBLIC "-//W3C//DTD XHTML 1.0 Transitional//EN"
    "http://www.w3.org/TR/xhtml1/DTD/xhtml1-transitional.dtd">
<html xmlns="http://www.w3.org/1999/xhtml" xml:lang="en" lang="en">
 <head>
  <title>
</title>
<meta http-equiv="Content-Type" content="text/html;charset=utf-8" />
  <meta name='ocr-system' content='tesseract 3.04.00' />
  <meta name='ocr-capabilities' content='ocr_page ocr_carea ocr_par ocr_line ocrx_word'/>
</head>
<body>
  <div class='ocr_page' id='page_1' title='image "./operaomniaaccura33auguuoft_0122.png"; bbox 0 0 1763 2838; ppageno 0'>
   <div class='ocr_carea' id='block_1_1' title="bbox 279 167 1247 201">
    <p class='ocr_par' dir='ltr' id='par_1_1' title="bbox 279 167 1247 201">
     <span class='ocr_line' id='line_1_1' title="bbox 279 167 1247 201; baseline -0.001 -1"><span class='ocrx_word' id='word_1_1' title='bbox 279 169 363 201; x_wconf 80' lang='lat'>112</span> <span class='ocrx_word' id='word_1_2' title='bbox 688 169 724 199; x_wconf 82' lang='lat' dir='ltr'>S.</span> <span class='ocrx_word' id='word_1_3' title='bbox 768 167 1009 199; x_wconf 82' lang='lat' dir='ltr'><strong>AUGUSTINI</strong></span> <span class='ocrx_word' id='word_1_4' title='bbox 1045 168 1247 199; x_wconf 84' lang='lat' dir='ltr'>EPISCOPI</span> 
     </span>
    </p>
   </div>
   <div class='ocr_carea' id='block_1_2' title="bbox 265 233 1645 2558">
    <p class='ocr_par' dir='ltr' id='par_1_2' title="bbox 269 233 1645 1054">
     <span class='ocr_line' id='line_1_2' title="bbox 272 233 1642 291; baseline -0.001 -10"><span class='ocrx_word' id='word_1_5' title='bbox 272 250 369 281; x_wconf 87' lang='lat' dir='ltr'>rum</span> <span class='ocrx_word' id='word_1_6' title='bbox 393 233 637 287; x_wconf 87' lang='lat' dir='ltr'>intendere;</span> <span class='ocrx_word' id='word_1_7' title='bbox 657 244 700 279; x_wconf 85' lang='lat' dir='ltr'>et</span> <span class='ocrx_word' id='word_1_8' title='bbox 723 233 994 290; x_wconf 82' lang='lat' dir='ltr'><strong>invenimus,</strong></span> <span class='ocrx_word' id='word_1_9' title='bbox 1022 245 1062 280; x_wconf 90' lang='lat' dir='ltr'>et</span> <span class='ocrx_word' id='word_1_10' title='bbox 1080 234 1293 291; x_wconf 79' lang='lat' dir='ltr'>diximus,</span> <span class='ocrx_word' id='word_1_11' title='bbox 1320 233 1508 281; x_wconf 80' lang='lat' dir='ltr'>fervente</span> <span class='ocrx_word' id='word_1_12' title='bbox 1527 244 1642 280; x_wconf 80' lang='lat' dir='ltr'>tem—</span> 
     </span>
     <span class='ocr_line' id='line_1_3' title="bbox 271 304 1643 369; baseline 0 -18"><span class='ocrx_word' id='word_1_13' title='bbox 271 322 378 369; x_wconf 86' lang='lat' dir='ltr'>po1e</span> <span class='ocrx_word' id='word_1_14' title='bbox 398 304 733 369; x_wconf 78' lang='lat' dir='ltr'>persecutionis,</span> <span class='ocrx_word' id='word_1_15' title='bbox 759 316 801 350; x_wconf 88' lang='lat' dir='ltr'>et</span> <span class='ocrx_word' id='word_1_16' title='bbox 839 305 1051 369; x_wconf 71' lang='lat' dir='ltr'>privatam</span> <span class='ocrx_word' id='word_1_17' title='bbox 1078 305 1287 360; x_wconf 81' lang='lat' dir='ltr'>domum,</span> <span class='ocrx_word' id='word_1_18' title='bbox 1312 306 1429 369; x_wconf 92' lang='lat' dir='ltr'>quod</span> <span class='ocrx_word' id='word_1_19' title='bbox 1459 306 1522 352; x_wconf 88' lang='lat' dir='ltr'>illi</span> <span class='ocrx_word' id='word_1_20' title='bbox 1550 305 1643 351; x_wconf 72' lang='lat' dir='ltr'>fimi</span> 
     </span>
     <span class='ocr_line' id='line_1_4' title="bbox 272 375 1642 439; baseline 0.001 -19"><span class='ocrx_word' id='word_1_21' title='bbox 272 375 460 439; x_wconf 87' lang='lat' dir='ltr'>potuisse</span> <span class='ocrx_word' id='word_1_22' title='bbox 482 385 767 436; x_wconf 77' lang='lat' dir='ltr'>negaverant,</span> <span class='ocrx_word' id='word_1_23' title='bbox 800 375 1120 435; x_wconf 79' lang='lat' dir='ltr'>congregationi</span> <span class='ocrx_word' id='word_1_24' title='bbox 1143 376 1490 423; x_wconf 78' lang='lat' dir='ltr'>Christianorum</span> <span class='ocrx_word' id='word_1_25' title='bbox 1513 376 1642 422; x_wconf 85' lang='lat' dir='ltr'>fuisse</span> 
     </span>
     <span class='ocr_line' id='line_1_5' title="bbox 272 412 1644 509; baseline 0.001 -19"><span class='ocrx_word' id='word_1_26' title='bbox 272 461 545 502; x_wconf 80' lang='lat' dir='ltr'>concessam,</span> <span class='ocrx_word' id='word_1_27' title='bbox 580 445 684 491; x_wconf 88' lang='lat' dir='ltr'>etin</span> <span class='ocrx_word' id='word_1_28' title='bbox 710 462 879 491; x_wconf 78' lang='lat' dir='ltr'>earcere</span> <span class='ocrx_word' id='word_1_29' title='bbox 887 412 1031 490; x_wconf 51' lang='lat' dir='ltr'>osuisse</span> <span class='ocrx_word' id='word_1_30' title='bbox 1057 456 1262 508; x_wconf 35' lang='lat' dir='ltr'>mart-&gt;res</span> <span class='ocrx_word' id='word_1_31' title='bbox 1296 447 1569 509; x_wconf 81' lang='lat' dir='ltr'>baptizatos.</span> <span class='ocrx_word' id='word_1_32' title='bbox 1595 456 1644 491; x_wconf 84' lang='lat' dir='ltr'>ut</span> 
     </span>
     <span class='ocr_line' id='line_1_6' title="bbox 271 515 1644 580; baseline 0.001 -19"><span class='ocrx_word' id='word_1_33' title='bbox 271 516 466 561; x_wconf 79' lang='lat' dir='ltr'>viderent</span> <span class='ocrx_word' id='word_1_34' title='bbox 492 532 621 579; x_wconf 87' lang='lat' dir='ltr'>quam</span> <span class='ocrx_word' id='word_1_35' title='bbox 651 533 738 562; x_wconf 90' lang='lat' dir='ltr'>non</span> <span class='ocrx_word' id='word_1_36' title='bbox 762 527 866 561; x_wconf 87' lang='lat' dir='ltr'>esset</span> <span class='ocrx_word' id='word_1_37' title='bbox 890 515 1145 561; x_wconf 68' lang='lat' dir='ltr'><strong>incredibile</strong></span> <span class='ocrx_word' id='word_1_38' title='bbox 1168 527 1359 580; x_wconf 86' lang='lat' dir='ltr'>tempore</span> <span class='ocrx_word' id='word_1_39' title='bbox 1380 517 1644 580; x_wconf 79' lang='lat' dir='ltr'>persecutio-</span> 
     </span>
     <span class='ocr_line' id='line_1_7' title="bbox 272 586 1639 650; baseline 0.001 -18"><span class='ocrx_word' id='word_1_40' title='bbox 272 586 337 632; x_wconf 89' lang='lat' dir='ltr'>nis</span> <span class='ocrx_word' id='word_1_41' title='bbox 373 586 417 631; x_wconf 89' lang='lat' dir='ltr'>in</span> <span class='ocrx_word' id='word_1_42' title='bbox 453 587 666 649; x_wconf 84' lang='lat' dir='ltr'>privatam</span> <span class='ocrx_word' id='word_1_43' title='bbox 704 586 882 631; x_wconf 92' lang='lat' dir='ltr'>domum</span> <span class='ocrx_word' id='word_1_44' title='bbox 909 603 1071 649; x_wconf 82' lang='lat' dir='ltr'>paucos</span> <span class='ocrx_word' id='word_1_45' title='bbox 1103 587 1327 650; x_wconf 86' lang='lat' dir='ltr'>episcopos</span> <span class='ocrx_word' id='word_1_46' title='bbox 1361 588 1639 647; x_wconf 74' lang='lat' dir='ltr'>congregari,</span> 
     </span>
     <span class='ocr_line' id='line_1_8' title="bbox 271 657 1644 722; baseline 0 -19"><span class='ocrx_word' id='word_1_47' title='bbox 271 657 448 722; x_wconf 90' lang='lat' dir='ltr'>quando</span> <span class='ocrx_word' id='word_1_48' title='bbox 486 668 528 704; x_wconf 87' lang='lat' dir='ltr'>et</span> <span class='ocrx_word' id='word_1_49' title='bbox 565 658 612 703; x_wconf 90' lang='lat' dir='ltr'>in</span> <span class='ocrx_word' id='word_1_50' title='bbox 660 658 754 721; x_wconf 87' lang='lat' dir='ltr'>ipso</span> <span class='ocrx_word' id='word_1_51' title='bbox 798 674 966 703; x_wconf 89' lang='lat' dir='ltr'>carcere</span> <span class='ocrx_word' id='word_1_52' title='bbox 1003 657 1336 704; x_wconf 78' lang='lat' dir='ltr'>celebrabantur</span> <span class='ocrx_word' id='word_1_53' title='bbox 1379 669 1644 704; x_wconf 83' lang='lat' dir='ltr'>sacramenta</span> 
     </span>
     <span class='ocr_line' id='line_1_9' title="bbox 269 726 1644 790; baseline -0.001 -17"><span class='ocrx_word' id='word_1_54' title='bbox 269 727 461 784; x_wconf 78' lang='lat' dir='ltr'>Christi,</span> <span class='ocrx_word' id='word_1_55' title='bbox 500 727 547 773; x_wconf 91' lang='lat' dir='ltr'>in</span> <span class='ocrx_word' id='word_1_56' title='bbox 579 744 666 790; x_wconf 88' lang='lat' dir='ltr'>quo</span> <span class='ocrx_word' id='word_1_57' title='bbox 702 726 857 773; x_wconf 89' lang='lat' dir='ltr'>inclusi</span> <span class='ocrx_word' id='word_1_58' title='bbox 896 727 1093 772; x_wconf 88' lang='lat' dir='ltr'>homines</span> <span class='ocrx_word' id='word_1_59' title='bbox 1128 728 1390 772; x_wconf 84' lang='lat' dir='ltr'>tenebantur</span> <span class='ocrx_word' id='word_1_60' title='bbox 1433 744 1513 790; x_wconf 84' lang='lat' dir='ltr'>pro</span> <span class='ocrx_word' id='word_1_61' title='bbox 1558 726 1644 772; x_wconf 85' lang='lat' dir='ltr'>fide</span> 
     </span>
     <span class='ocr_line' id='line_1_10' title="bbox 270 796 1644 860; baseline -0.001 -17"><span class='ocrx_word' id='word_1_62' title='bbox 270 798 448 844; x_wconf 79' lang='lat' dir='ltr'>Christi.</span> <span class='ocrx_word' id='word_1_63' title='bbox 487 798 714 854; x_wconf 85' lang='lat' dir='ltr'>Quantum</span> <span class='ocrx_word' id='word_1_64' title='bbox 750 814 827 842; x_wconf 88' lang='lat' dir='ltr'>nos</span> <span class='ocrx_word' id='word_1_65' title='bbox 848 814 947 856; x_wconf 84' lang='lat' dir='ltr'>ergo</span> <span class='ocrx_word' id='word_1_66' title='bbox 978 796 1221 856; x_wconf 76' lang='lat' dir='ltr'>adjuverint</span> <span class='ocrx_word' id='word_1_67' title='bbox 1252 808 1366 857; x_wconf 79' lang='lat' dir='ltr'>gesta</span> <span class='ocrx_word' id='word_1_68' title='bbox 1401 808 1644 860; x_wconf 62' lang='lat' dir='ltr'>martyrum</span> 
     </span>
     <span class='ocr_line' id='line_1_11' title="bbox 272 866 1645 932; baseline -0.001 -19"><span class='ocrx_word' id='word_1_69' title='bbox 272 866 531 932; x_wconf 84' lang='lat' dir='ltr'>proferendo</span> <span class='ocrx_word' id='word_1_70' title='bbox 550 904 561 923; x_wconf 86' lang='lat'><strong><em>,</em></strong></span> <span class='ocrx_word' id='word_1_71' title='bbox 592 868 688 930; x_wconf 87' lang='lat' dir='ltr'>quis</span> <span class='ocrx_word' id='word_1_72' title='bbox 716 884 803 912; x_wconf 91' lang='lat' dir='ltr'>non</span> <span class='ocrx_word' id='word_1_73' title='bbox 827 866 973 912; x_wconf 72' lang='lat' dir='ltr'>videat</span> <span class='ocrx_word' id='word_1_74' title='bbox 991 904 1002 923; x_wconf 80' lang='lat'>‚</span> <span class='ocrx_word' id='word_1_75' title='bbox 1042 867 1116 929; x_wconf 83' lang='lat' dir='ltr'>qui</span> <span class='ocrx_word' id='word_1_76' title='bbox 1153 884 1240 913; x_wconf 91' lang='lat' dir='ltr'>non</span> <span class='ocrx_word' id='word_1_77' title='bbox 1269 867 1448 913; x_wconf 81' lang='lat' dir='ltr'><strong>similem</strong></span> <span class='ocrx_word' id='word_1_78' title='bbox 1474 878 1645 913; x_wconf 87' lang='lat' dir='ltr'>noctem</span> 
     </span>
     <span class='ocr_line' id='line_1_12' title="bbox 272 936 1644 1001; baseline 0 -18"><span class='ocrx_word' id='word_1_79' title='bbox 272 938 408 984; x_wconf 87' lang='lat' dir='ltr'>habet</span> <span class='ocrx_word' id='word_1_80' title='bbox 426 938 471 984; x_wconf 91' lang='lat' dir='ltr'>in</span> <span class='ocrx_word' id='word_1_81' title='bbox 500 937 630 984; x_wconf 87' lang='lat' dir='ltr'>corde</span> <span class='ocrx_word' id='word_1_82' title='bbox 647 974 658 995; x_wconf 87' lang='lat'>,</span> <span class='ocrx_word' id='word_1_83' title='bbox 688 937 862 1000; x_wconf 85' lang='lat' dir='ltr'>qualem</span> <span class='ocrx_word' id='word_1_84' title='bbox 885 936 950 982; x_wconf 89' lang='lat' dir='ltr'>illi</span> <span class='ocrx_word' id='word_1_85' title='bbox 971 937 1218 994; x_wconf 74' lang='lat' dir='ltr'>habebant,</span> <span class='ocrx_word' id='word_1_86' title='bbox 1242 938 1317 1001; x_wconf 88' lang='lat' dir='ltr'>qui</span> <span class='ocrx_word' id='word_1_87' title='bbox 1347 937 1435 983; x_wconf 75' lang='lat' dir='ltr'>hoe</span> <span class='ocrx_word' id='word_1_88' title='bbox 1466 955 1554 984; x_wconf 89' lang='lat' dir='ltr'>non</span> <span class='ocrx_word' id='word_1_89' title='bbox 1578 937 1644 986; x_wconf 85' lang='lat' dir='ltr'>Vi-</span> 
     </span>
     <span class='ocr_line' id='line_1_13' title="bbox 273 1008 462 1054; baseline -0.005 0"><span class='ocrx_word' id='word_1_90' title='bbox 273 1008 462 1054; x_wconf 66' lang='lat' dir='ltr'>debant?</span> 
     </span>
    </p>

    <p class='ocr_par' dir='ltr' id='par_1_3' title="bbox 265 1077 1645 2558">
     <span class='ocr_line' id='line_1_14' title="bbox 336 1077 1644 1141; baseline -0.002 -15"><span class='ocrx_word' id='word_1_91' title='bbox 336 1080 458 1127; x_wconf 83' lang='lat' dir='ltr'><strong>XIX.</strong></span> <span class='ocrx_word' id='word_1_92' title='bbox 491 1078 580 1136; x_wconf 87' lang='lat' dir='ltr'>Qui</span> <span class='ocrx_word' id='word_1_93' title='bbox 601 1078 730 1124; x_wconf 77' lang='lat' dir='ltr'>etiam</span> <span class='ocrx_word' id='word_1_94' title='bbox 762 1078 869 1124; x_wconf 88' lang='lat' dir='ltr'>hinc</span> <span class='ocrx_word' id='word_1_95' title='bbox 896 1078 1019 1138; x_wconf 79' lang='lat' dir='ltr'>gestis</span> <span class='ocrx_word' id='word_1_96' title='bbox 1041 1077 1144 1141; x_wconf 84' lang='lat' dir='ltr'>ipsis</span> <span class='ocrx_word' id='word_1_97' title='bbox 1176 1079 1442 1124; x_wconf 76' lang='lat' dir='ltr'>Cirtensibus</span> <span class='ocrx_word' id='word_1_98' title='bbox 1474 1078 1644 1125; x_wconf 88' lang='lat' dir='ltr'>calum—</span> 
     </span>
     <span class='ocr_line' id='line_1_15' title="bbox 271 1149 1645 1212; baseline -0.001 -15"><span class='ocrx_word' id='word_1_99' title='bbox 271 1150 508 1198; x_wconf 79' lang='lat' dir='ltr'>niabantur</span> <span class='ocrx_word' id='word_1_100' title='bbox 522 1187 533 1207; x_wconf 88' lang='lat'>,</span> <span class='ocrx_word' id='word_1_101' title='bbox 553 1150 656 1212; x_wconf 84' lang='lat' dir='ltr'>quia</span> <span class='ocrx_word' id='word_1_102' title='bbox 679 1149 850 1195; x_wconf 85' lang='lat' dir='ltr'>ibi&#39;dies</span> <span class='ocrx_word' id='word_1_103' title='bbox 867 1161 907 1194; x_wconf 88' lang='lat' dir='ltr'>et</span> <span class='ocrx_word' id='word_1_104' title='bbox 924 1149 1119 1195; x_wconf 86' lang='lat' dir='ltr'>consules</span> <span class='ocrx_word' id='word_1_105' title='bbox 1138 1150 1419 1209; x_wconf 78' lang='lat' dir='ltr'>legebantur3</span> <span class='ocrx_word' id='word_1_106' title='bbox 1443 1161 1484 1195; x_wconf 91' lang='lat' dir='ltr'>et</span> <span class='ocrx_word' id='word_1_107' title='bbox 1503 1149 1645 1209; x_wconf 76' lang='lat' dir='ltr'>exige·-</span> 
     </span>
     <span class='ocr_line' id='line_1_16' title="bbox 272 1219 1640 1283; baseline -0.003 -14"><span class='ocrx_word' id='word_1_108' title='bbox 272 1223 381 1269; x_wconf 82' lang='lat' dir='ltr'>bant</span> <span class='ocrx_word' id='word_1_109' title='bbox 398 1240 421 1268; x_wconf 85' lang='lat' dir='ltr'>a</span> <span class='ocrx_word' id='word_1_110' title='bbox 440 1221 566 1267; x_wconf 89' lang='lat' dir='ltr'>nobis</span> <span class='ocrx_word' id='word_1_111' title='bbox 578 1257 589 1277; x_wconf 79' lang='grc'>,</span> <span class='ocrx_word' id='word_1_112' title='bbox 611 1230 660 1265; x_wconf 87' lang='lat' dir='ltr'>ut</span> <span class='ocrx_word' id='word_1_113' title='bbox 677 1219 819 1282; x_wconf 83' lang='lat' dir='ltr'>aliqua</span> <span class='ocrx_word' id='word_1_114' title='bbox 833 1219 1116 1265; x_wconf 86' lang='lat' dir='ltr'>ecclesiastica</span> <span class='ocrx_word' id='word_1_115' title='bbox 1131 1221 1316 1266; x_wconf 85' lang='lat' dir='ltr'>eoncilia</span> <span class='ocrx_word' id='word_1_116' title='bbox 1334 1220 1640 1283; x_wconf 78' lang='lat' dir='ltr'>proferremus,</span> 
     </span>
     <span class='ocr_line' id='line_1_17' title="bbox 274 1290 1645 1354; baseline -0.003 -14"><span class='ocrx_word' id='word_1_117' title='bbox 274 1293 353 1341; x_wconf 89' lang='lat' dir='ltr'>ubi</span> <span class='ocrx_word' id='word_1_118' title='bbox 377 1293 465 1339; x_wconf 87' lang='lat' dir='ltr'>dies</span> <span class='ocrx_word' id='word_1_119' title='bbox 487 1291 776 1338; x_wconf 76' lang='lat' dir='ltr'>recitarentur</span> <span class='ocrx_word' id='word_1_120' title='bbox 795 1328 805 1347; x_wconf 80' lang='grc'>,</span> <span class='ocrx_word' id='word_1_121' title='bbox 835 1301 876 1336; x_wconf 85' lang='lat' dir='ltr'>et</span> <span class='ocrx_word' id='word_1_122' title='bbox 900 1290 1107 1337; x_wconf 89' lang='lat' dir='ltr'>consules.</span> <span class='ocrx_word' id='word_1_123' title='bbox 1142 1292 1233 1354; x_wconf 81' lang='lat' dir='ltr'>Ipsi</span> <span class='ocrx_word' id='word_1_124' title='bbox 1265 1292 1377 1336; x_wconf 81' lang='lat' dir='ltr'>enini</span> <span class='ocrx_word' id='word_1_125' title='bbox 1411 1291 1645 1351; x_wconf 84' lang='lat' dir='ltr'>Carthagi-</span> 
     </span>
     <span class='ocr_line' id='line_1_18' title="bbox 272 1360 1637 1424; baseline -0.003 -13"><span class='ocrx_word' id='word_1_126' title='bbox 272 1381 400 1411; x_wconf 90' lang='lat' dir='ltr'>nense</span> <span class='ocrx_word' id='word_1_127' title='bbox 419 1362 652 1409; x_wconf 89' lang='lat' dir='ltr'>concilium</span> <span class='ocrx_word' id='word_1_128' title='bbox 675 1360 841 1406; x_wconf 84' lang='lat' dir='ltr'>factum</span> <span class='ocrx_word' id='word_1_129' title='bbox 869 1361 957 1407; x_wconf 89' lang='lat' dir='ltr'>sine</span> <span class='ocrx_word' id='word_1_130' title='bbox 986 1360 1055 1406; x_wconf 88' lang='lat' dir='ltr'>die</span> <span class='ocrx_word' id='word_1_131' title='bbox 1084 1371 1126 1406; x_wconf 87' lang='lat' dir='ltr'>et</span> <span class='ocrx_word' id='word_1_132' title='bbox 1148 1361 1323 1407; x_wconf 86' lang='lat' dir='ltr'>consule</span> <span class='ocrx_word' id='word_1_133' title='bbox 1346 1361 1637 1424; x_wconf 83' lang='lat' dir='ltr'>proferebant.</span> 
     </span>
     <span class='ocr_line' id='line_1_19' title="bbox 273 1432 1645 1495; baseline -0.004 -14"><span class='ocrx_word' id='word_1_134' title='bbox 273 1434 491 1482; x_wconf 87' lang='lat' dir='ltr'>Dicebant</span> <span class='ocrx_word' id='word_1_135' title='bbox 518 1432 631 1479; x_wconf 90' lang='lat' dir='ltr'>enim</span> <span class='ocrx_word' id='word_1_136' title='bbox 662 1432 790 1477; x_wconf 85' lang='lat' dir='ltr'>etiam</span> <span class='ocrx_word' id='word_1_137' title='bbox 824 1432 1061 1477; x_wconf 86' lang='lat' dir='ltr'>concilium</span> <span class='ocrx_word' id='word_1_138' title='bbox 1096 1433 1307 1495; x_wconf 76' lang='lat' dir='ltr'>Cypriani</span> <span class='ocrx_word' id='word_1_139' title='bbox 1330 1432 1525 1477; x_wconf 83' lang='lat' dir='ltr'>consules</span> <span class='ocrx_word' id='word_1_140' title='bbox 1557 1448 1645 1476; x_wconf 90' lang='lat' dir='ltr'>non</span> 
     </span>
     <span class='ocr_line' id='line_1_20' title="bbox 273 1501 1644 1565; baseline -0.004 -14"><span class='ocrx_word' id='word_1_141' title='bbox 273 1505 437 1551; x_wconf 86' lang='lat' dir='ltr'>habere</span> <span class='ocrx_word' id='word_1_142' title='bbox 458 1521 469 1549; x_wconf 72' lang='grc' dir='ltr'><strong><em>ε</em></strong></span> <span class='ocrx_word' id='word_1_143' title='bbox 500 1503 578 1549; x_wconf 89' lang='lat' dir='ltr'>ubi</span> <span class='ocrx_word' id='word_1_144' title='bbox 596 1513 740 1549; x_wconf 84' lang='lat' dir='ltr'>tamen</span> <span class='ocrx_word' id='word_1_145' title='bbox 766 1501 921 1561; x_wconf 80' lang='lat' dir='ltr'>legitur</span> <span class='ocrx_word' id='word_1_146' title='bbox 946 1501 1061 1554; x_wconf 76' lang='lat' dir='ltr'>dies3</span> <span class='ocrx_word' id='word_1_147' title='bbox 1101 1502 1147 1547; x_wconf 91' lang='lat' dir='ltr'>in</span> <span class='ocrx_word' id='word_1_148' title='bbox 1175 1501 1249 1547; x_wconf 89' lang='lat' dir='ltr'>illo</span> <span class='ocrx_word' id='word_1_149' title='bbox 1280 1512 1426 1547; x_wconf 87' lang='lat' dir='ltr'>autem</span> <span class='ocrx_word' id='word_1_150' title='bbox 1450 1502 1644 1565; x_wconf 86' lang='lat' dir='ltr'>ipsorum</span> 
     </span>
     <span class='ocr_line' id='line_1_21' title="bbox 273 1571 1645 1636; baseline -0.004 -14"><span class='ocrx_word' id='word_1_151' title='bbox 273 1573 603 1636; x_wconf 82' lang='lat' dir='ltr'>Carthaginensi</span> <span class='ocrx_word' id='word_1_152' title='bbox 634 1590 714 1619; x_wconf 89' lang='lat' dir='ltr'>nee</span> <span class='ocrx_word' id='word_1_153' title='bbox 745 1572 848 1619; x_wconf 89' lang='lat' dir='ltr'>dies.</span> <span class='ocrx_word' id='word_1_154' title='bbox 887 1573 975 1618; x_wconf 90' lang='lat' dir='ltr'>Nos</span> <span class='ocrx_word' id='word_1_155' title='bbox 1008 1583 1151 1618; x_wconf 86' lang='lat' dir='ltr'>autem</span> <span class='ocrx_word' id='word_1_156' title='bbox 1172 1609 1182 1627; x_wconf 86' lang='lat'>‚</span> <span class='ocrx_word' id='word_1_157' title='bbox 1222 1572 1341 1635; x_wconf 92' lang='lat' dir='ltr'>quod</span> <span class='ocrx_word' id='word_1_158' title='bbox 1371 1572 1416 1616; x_wconf 91' lang='lat' dir='ltr'>in</span> <span class='ocrx_word' id='word_1_159' title='bbox 1443 1571 1645 1617; x_wconf 85' lang='lat' dir='ltr'>manibus</span> 
     </span>
     <span class='ocr_line' id='line_1_22' title="bbox 273 1641 1644 1701; baseline -0.004 -9"><span class='ocrx_word' id='word_1_160' title='bbox 273 1656 387 1701; x_wconf 86' lang='lat' dir='ltr'>erat,</span> <span class='ocrx_word' id='word_1_161' title='bbox 410 1646 659 1691; x_wconf 84' lang='lat' dir='ltr'>Romanum</span> <span class='ocrx_word' id='word_1_162' title='bbox 691 1642 927 1688; x_wconf 88' lang='lat' dir='ltr'>concilium</span> <span class='ocrx_word' id='word_1_163' title='bbox 955 1642 1237 1698; x_wconf 72' lang='lat' dir='ltr'>Melchiadis,</span> <span class='ocrx_word' id='word_1_164' title='bbox 1267 1643 1380 1687; x_wconf 84' lang='lat' dir='ltr'>sicut</span> <span class='ocrx_word' id='word_1_165' title='bbox 1410 1641 1520 1687; x_wconf 91' lang='lat' dir='ltr'>illud</span> <span class='ocrx_word' id='word_1_166' title='bbox 1543 1641 1644 1686; x_wconf 83' lang='lat' dir='ltr'>Cir-</span> 
     </span>
     <span class='ocr_line' id='line_1_23' title="bbox 273 1712 1644 1773; baseline -0.004 -10"><span class='ocrx_word' id='word_1_167' title='bbox 273 1728 388 1763; x_wconf 87' lang='lat' dir='ltr'>tense</span> <span class='ocrx_word' id='word_1_168' title='bbox 406 1753 417 1773; x_wconf 89' lang='lat'>‚</span> <span class='ocrx_word' id='word_1_169' title='bbox 438 1725 480 1761; x_wconf 86' lang='lat' dir='ltr'>et</span> <span class='ocrx_word' id='word_1_170' title='bbox 500 1714 615 1760; x_wconf 91' lang='lat' dir='ltr'>diem</span> <span class='ocrx_word' id='word_1_171' title='bbox 635 1714 797 1759; x_wconf 85' lang='lat' dir='ltr'>habere</span> <span class='ocrx_word' id='word_1_172' title='bbox 817 1712 1218 1758; x_wconf 74' lang='lat' dir='ltr'>demonstrabamus</span> <span class='ocrx_word' id='word_1_173' title='bbox 1244 1723 1284 1758; x_wconf 92' lang='lat' dir='ltr'>et</span> <span class='ocrx_word' id='word_1_174' title='bbox 1315 1712 1525 1759; x_wconf 77' lang='lat' dir='ltr'>consules,</span> <span class='ocrx_word' id='word_1_175' title='bbox 1553 1712 1644 1757; x_wconf 91' lang='lat' dir='ltr'>Ne-</span> 
     </span>
     <span class='ocr_line' id='line_1_24' title="bbox 275 1783 1644 1852; baseline -0.004 -19"><span class='ocrx_word' id='word_1_176' title='bbox 275 1805 359 1852; x_wconf 89' lang='lat' dir='ltr'>que</span> <span class='ocrx_word' id='word_1_177' title='bbox 383 1786 497 1832; x_wconf 89' lang='lat' dir='ltr'>enim</span> <span class='ocrx_word' id='word_1_178' title='bbox 527 1796 633 1830; x_wconf 87' lang='lat' dir='ltr'>tunc</span> <span class='ocrx_word' id='word_1_179' title='bbox 657 1784 710 1829; x_wconf 90' lang='lat' dir='ltr'>ad</span> <span class='ocrx_word' id='word_1_180' title='bbox 742 1783 894 1829; x_wconf 88' lang='lat' dir='ltr'>horam</span> <span class='ocrx_word' id='word_1_181' title='bbox 933 1783 1111 1846; x_wconf 78' lang='lat' dir='ltr'>antiqua</span> <span class='ocrx_word' id='word_1_182' title='bbox 1147 1784 1324 1830; x_wconf 80' lang='lat' dir='ltr'>archiva</span> <span class='ocrx_word' id='word_1_183' title='bbox 1358 1783 1644 1828; x_wconf 84' lang='lat' dir='ltr'>ecclesiastica</span> 
     </span>
     <span class='ocr_line' id='line_1_25' title="bbox 274 1853 1644 1910; baseline -0.005 -5"><span class='ocrx_word' id='word_1_184' title='bbox 274 1856 546 1905; x_wconf 88' lang='lat' dir='ltr'>discutienda</span> <span class='ocrx_word' id='word_1_185' title='bbox 578 1856 705 1901; x_wconf 88' lang='lat' dir='ltr'>nobis</span> <span class='ocrx_word' id='word_1_186' title='bbox 735 1854 938 1910; x_wconf 84' lang='lat' dir='ltr'>suerunt,</span> <span class='ocrx_word' id='word_1_187' title='bbox 967 1855 1082 1900; x_wconf 88' lang='lat' dir='ltr'>unde</span> <span class='ocrx_word' id='word_1_188' title='bbox 1113 1855 1192 1900; x_wconf 79' lang='lat' dir='ltr'>ista</span> <span class='ocrx_word' id='word_1_189' title='bbox 1222 1854 1488 1900; x_wconf 72' lang='lat' dir='ltr'>consuetudo</span> <span class='ocrx_word' id='word_1_190' title='bbox 1514 1853 1644 1899; x_wconf 84' lang='lat' dir='ltr'>etiam</span> 
     </span>
     <span class='ocr_line' id='line_1_26' title="bbox 274 1925 1644 1978; baseline -0.006 -1"><span class='ocrx_word' id='word_1_191' title='bbox 274 1941 468 1978; x_wconf 87' lang='lat' dir='ltr'>veterum</span> <span class='ocrx_word' id='word_1_192' title='bbox 485 1927 613 1974; x_wconf 85' lang='lat' dir='ltr'>fuisse</span> <span class='ocrx_word' id='word_1_193' title='bbox 632 1926 874 1972; x_wconf 86' lang='lat' dir='ltr'>doceretur.</span> <span class='ocrx_word' id='word_1_194' title='bbox 903 1926 992 1971; x_wconf 77' lang='lat' dir='ltr'>Nec</span> <span class='ocrx_word' id='word_1_195' title='bbox 1012 1936 1153 1970; x_wconf 87' lang='lat' dir='ltr'>tamen</span> <span class='ocrx_word' id='word_1_196' title='bbox 1174 1926 1320 1972; x_wconf 83' lang='lat' dir='ltr'>inanes</span> <span class='ocrx_word' id='word_1_197' title='bbox 1342 1925 1400 1970; x_wconf 89' lang='lat' dir='ltr'>eis</span> <span class='ocrx_word' id='word_1_198' title='bbox 1418 1925 1546 1970; x_wconf 84' lang='lat' dir='ltr'>etiam</span> <span class='ocrx_word' id='word_1_199' title='bbox 1567 1940 1644 1969; x_wconf 92' lang='lat' dir='ltr'>nos</span> 
     </span>
     <span class='ocr_line' id='line_1_27' title="bbox 273 1994 1644 2059; baseline -0.005 -12"><span class='ocrx_word' id='word_1_200' title='bbox 273 1999 512 2047; x_wconf 82' lang='lat' dir='ltr'>calumnias</span> <span class='ocrx_word' id='word_1_201' title='bbox 532 2014 700 2043; x_wconf 82' lang='lat' dir='ltr'>movere</span> <span class='ocrx_word' id='word_1_202' title='bbox 727 1997 965 2048; x_wconf 68' lang='lat' dir='ltr'>voluimus,</span> <span class='ocrx_word' id='word_1_203' title='bbox 990 2013 1122 2059; x_wconf 84' lang='lat' dir='ltr'>quare</span> <span class='ocrx_word' id='word_1_204' title='bbox 1152 1997 1196 2041; x_wconf 85' lang='lat' dir='ltr'>in</span> <span class='ocrx_word' id='word_1_205' title='bbox 1226 1996 1437 2059; x_wconf 56' lang='lat' dir='ltr'>Cypriani</span> <span class='ocrx_word' id='word_1_206' title='bbox 1457 1994 1644 2040; x_wconf 81' lang='lat' dir='ltr'>concilio</span> 
     </span>
     <span class='ocr_line' id='line_1_28' title="bbox 272 2064 1644 2130; baseline -0.005 -13"><span class='ocrx_word' id='word_1_207' title='bbox 272 2069 662 2124; x_wconf 80' lang='lat' dir='ltr'>diesinveniretur,</span> <span class='ocrx_word' id='word_1_208' title='bbox 682 2068 728 2112; x_wconf 89' lang='lat' dir='ltr'>in</span> <span class='ocrx_word' id='word_1_209' title='bbox 746 2068 938 2130; x_wconf 87' lang='lat' dir='ltr'>ipsorum</span> <span class='ocrx_word' id='word_1_210' title='bbox 961 2078 1102 2112; x_wconf 81' lang='lat' dir='ltr'>autem</span> <span class='ocrx_word' id='word_1_211' title='bbox 1123 2084 1211 2111; x_wconf 88' lang='lat' dir='ltr'>non</span> <span class='ocrx_word' id='word_1_212' title='bbox 1225 2066 1488 2112; x_wconf 84' lang='lat' dir='ltr'>inveniretur</span> <span class='ocrx_word' id='word_1_213' title='bbox 1507 2083 1517 2109; x_wconf 74' lang='grc' dir='ltr'>ι</span> <span class='ocrx_word' id='word_1_214' title='bbox 1541 2064 1644 2127; x_wconf 83' lang='lat' dir='ltr'>quia</span> 
     </span>
     <span class='ocr_line' id='line_1_29' title="bbox 272 2135 1644 2199; baseline -0.007 -10"><span class='ocrx_word' id='word_1_215' title='bbox 272 2142 336 2189; x_wconf 88' lang='lat' dir='ltr'>illi</span> <span class='ocrx_word' id='word_1_216' title='bbox 359 2158 489 2187; x_wconf 83' lang='lat' dir='ltr'>vanas</span> <span class='ocrx_word' id='word_1_217' title='bbox 512 2155 652 2184; x_wconf 90' lang='lat' dir='ltr'>moras</span> <span class='ocrx_word' id='word_1_218' title='bbox 670 2137 875 2184; x_wconf 84' lang='lat' dir='ltr'>volebant</span> <span class='ocrx_word' id='word_1_219' title='bbox 891 2138 1107 2183; x_wconf 84' lang='lat' dir='ltr'>innectere</span> <span class='ocrx_word' id='word_1_220' title='bbox 1123 2174 1133 2193; x_wconf 82' lang='grc'><em>,</em></span> <span class='ocrx_word' id='word_1_221' title='bbox 1155 2153 1262 2199; x_wconf 87' lang='lat' dir='ltr'>quas</span> <span class='ocrx_word' id='word_1_222' title='bbox 1279 2153 1356 2181; x_wconf 86' lang='lat' dir='ltr'>nos</span> <span class='ocrx_word' id='word_1_223' title='bbox 1374 2135 1644 2181; x_wconf 84' lang='lat' dir='ltr'>conabamur</span> 
     </span>
     <span class='ocr_line' id='line_1_30' title="bbox 273 2205 1642 2270; baseline -0.006 -12"><span class='ocrx_word' id='word_1_224' title='bbox 273 2221 475 2259; x_wconf 81' lang='lat' dir='ltr'>avertere.</span> <span class='ocrx_word' id='word_1_225' title='bbox 522 2209 634 2253; x_wconf 78' lang='lat' dir='ltr'>Nam</span> <span class='ocrx_word' id='word_1_226' title='bbox 671 2209 799 2253; x_wconf 81' lang='lat' dir='ltr'>etiam</span> <span class='ocrx_word' id='word_1_227' title='bbox 834 2209 921 2253; x_wconf 90' lang='lat' dir='ltr'>hoe</span> <span class='ocrx_word' id='word_1_228' title='bbox 944 2208 1199 2270; x_wconf 74' lang='lat' dir='ltr'>exigebant,</span> <span class='ocrx_word' id='word_1_229' title='bbox 1240 2217 1287 2252; x_wconf 87' lang='lat' dir='ltr'>ut</span> <span class='ocrx_word' id='word_1_230' title='bbox 1320 2205 1372 2250; x_wconf 91' lang='lat' dir='ltr'>de</span> <span class='ocrx_word' id='word_1_231' title='bbox 1405 2205 1642 2268; x_wconf 82' lang='lat' dir='ltr'>Scripturis</span> 
     </span>
     <span class='ocr_line' id='line_1_31' title="bbox 271 2275 1641 2329; baseline -0.007 0"><span class='ocrx_word' id='word_1_232' title='bbox 271 2281 429 2329; x_wconf 83' lang='lat' dir='ltr'>sanetis</span> <span class='ocrx_word' id='word_1_233' title='bbox 463 2277 781 2325; x_wconf 85' lang='lat' dir='ltr'>ostenderemus</span> <span class='ocrx_word' id='word_1_234' title='bbox 818 2277 982 2323; x_wconf 84' lang='lat' dir='ltr'>alicubi</span> <span class='ocrx_word' id='word_1_235' title='bbox 1016 2278 1104 2322; x_wconf 91' lang='lat' dir='ltr'>dies</span> <span class='ocrx_word' id='word_1_236' title='bbox 1138 2287 1179 2322; x_wconf 91' lang='lat' dir='ltr'>et</span> <span class='ocrx_word' id='word_1_237' title='bbox 1205 2275 1400 2322; x_wconf 86' lang='lat' dir='ltr'>consules</span> <span class='ocrx_word' id='word_1_238' title='bbox 1425 2292 1510 2320; x_wconf 90' lang='lat' dir='ltr'>esse</span> <span class='ocrx_word' id='word_1_239' title='bbox 1532 2292 1641 2321; x_wconf 88' lang='lat' dir='ltr'>con-</span> 
     </span>
     <span class='ocr_line' id='line_1_32' title="bbox 269 2344 1642 2422; baseline -0.007 -23"><span class='ocrx_word' id='word_1_240' title='bbox 269 2353 482 2415; x_wconf 85' lang='lat' dir='ltr'>scriptos:</span> <span class='ocrx_word' id='word_1_241' title='bbox 503 2347 624 2411; x_wconf 86' lang='lat' dir='ltr'>quasi</span> <span class='ocrx_word' id='word_1_242' title='bbox 642 2349 946 2411; x_wconf 82' lang='lat' dir='ltr'>episcopolum</span> <span class='ocrx_word' id='word_1_243' title='bbox 961 2346 1145 2392; x_wconf 84' lang='lat' dir='ltr'>concilia</span> <span class='ocrx_word' id='word_1_244' title='bbox 1167 2344 1404 2422; x_wconf 76' lang='lat' dir='ltr'>Scripturis</span> <span class='ocrx_word' id='word_1_245' title='bbox 1422 2345 1642 2391; x_wconf 82' lang='lat' dir='ltr'>canonicis</span> 
     </span>
     <span class='ocr_line' id='line_1_33' title="bbox 268 2414 1642 2486; baseline -0.007 -16"><span class='ocrx_word' id='word_1_246' title='bbox 268 2420 505 2486; x_wconf 86' lang='lat' dir='ltr'>aliquando</span> <span class='ocrx_word' id='word_1_247' title='bbox 533 2418 693 2464; x_wconf 86' lang='lat' dir='ltr'>fuerint</span> <span class='ocrx_word' id='word_1_248' title='bbox 725 2428 1000 2481; x_wconf 78' lang='lat' dir='ltr'>comparata3</span> <span class='ocrx_word' id='word_1_249' title='bbox 1034 2429 1107 2463; x_wconf 78' lang='lat' dir='ltr'>ant</span> <span class='ocrx_word' id='word_1_250' title='bbox 1130 2435 1227 2481; x_wconf 83' lang='lat' dir='ltr'>poss</span> <span class='ocrx_word' id='word_1_251' title='bbox 1212 2427 1304 2463; x_wconf 86' lang='lat' dir='ltr'>ent</span> <span class='ocrx_word' id='word_1_252' title='bbox 1328 2416 1456 2461; x_wconf 88' lang='lat' dir='ltr'>etiam</span> <span class='ocrx_word' id='word_1_253' title='bbox 1482 2415 1565 2478; x_wconf 88' lang='lat' dir='ltr'>ipsi</span> <span class='ocrx_word' id='word_1_254' title='bbox 1589 2414 1642 2461; x_wconf 88' lang='lat' dir='ltr'>de</span> 
     </span>
     <span class='ocr_line' id='line_1_34' title="bbox 265 2485 1638 2558; baseline -0.007 -16"><span class='ocrx_word' id='word_1_255' title='bbox 265 2491 503 2558; x_wconf 81' lang='lat' dir='ltr'>Scripturis</span> <span class='ocrx_word' id='word_1_256' title='bbox 527 2490 686 2537; x_wconf 84' lang='lat' dir='ltr'>sanctis</span> <span class='ocrx_word' id='word_1_257' title='bbox 704 2489 897 2554; x_wconf 79' lang='lat' dir='ltr'>proferre</span> <span class='ocrx_word' id='word_1_258' title='bbox 914 2488 1177 2545; x_wconf 79' lang='lat' dir='ltr'>concilium,</span> <span class='ocrx_word' id='word_1_259' title='bbox 1202 2488 1281 2534; x_wconf 88' lang='lat' dir='ltr'>ubi</span> <span class='ocrx_word' id='word_1_260' title='bbox 1304 2485 1502 2549; x_wconf 86' lang='lat' dir='ltr'>Apostoli</span> <span class='ocrx_word' id='word_1_261' title='bbox 1514 2485 1638 2546; x_wconf 85' lang='lat' dir='ltr'>judi-</span> 
     </span>
    </p>
   </div>
  </div>
 </body>
</html>
