1763 2838
229 280 286 314 DE
321 278 460 313 UNICO
496 274 719 311 'BAPTISMO
755 277 931 312 CONTRA
969 278 1257 311 PETILIANUM.
1385 263 1438 312 15

63 347 197 409 Juria,
217 362 319 393 cum
338 345 648 408 sacrilegorum
663 343 823 392 eisdem
840 344 966 392 donis
982 344 1093 392 male
1109 345 1324 392 utentium
1340 362 1443 392 cor-

67 419 221 481 rigitur
243 419 347 468 vita.

132 490 251 538 XIV.
284 491 363 537 Ille
381 490 489 537 dicit
512 488 727 551 sacrilegis
751 488 975 535 dicturum
1004 487 1243 536 Dominum
1270 508 1280 535 :
1305 511 1325 532 c<
1351 489 1444 535 Re-

69 562 243 608 »cedite
275 580 298 609 a
319 579 389 609 me
410 578 558 608 omnes
589 561 667 626 qui
696 559 937 625 operamini
970 559 1303 623 iniquitateml.
1331 582 1352 604 ›>
1371 561 1448 626 qui

69 644 184 680 extra
218 632 458 679 Ecclesiam
487 633 746 697 baptizant,
784 631 853 680 vel
881 631 1097 677 daemonia
1127 631 1309 691 ejiciunt
1331 671 1342 690 7
1380 630 1449 679 vel

71 704 237 769 aliquas
264 704 445 751 virtutes
467 705 513 751 in
546 704 721 751 nomine
753 704 855 750 Jesu
883 702 1049 749 Christi
1078 714 1345 766 operantur:
1372 721 1450 750 nos

70 787 214 823 autem
225 776 430 834 dicimus,
447 776 535 823 imo
554 777 648 840 ipsa
665 775 833 823 Veritas
849 775 974 832 dicit,
987 775 1192 821 omnibus
1205 775 1291 821 hoc
1310 777 1449 822 Deum

70 861 157 894 esse
189 846 411 894 dicturum
430 885 441 904 ‚
480 848 557 912 qui
581 848 696 894 intra
723 847 819 911 ipsa
843 846 1021 893 unitatis
1049 845 1154 892 retia
1178 846 1281 892 mali
1312 847 1449 911 pisces

71 934 172 964 cum
197 917 326 964 bonis
357 934 493 983 usque
518 917 573 964 ad
596 917 719 964 littus
752 928 920 966 natant.
959 916 1079 974 Quid
1107 917 1221 963 enim
1247 917 1305 963 eis
1332 916 1451 963 aliud

73 987 244 1036 dicetur
265 1028 276 1047 ‚
305 1006 404 1036 cum
439 991 482 1037 in
511 1006 613 1036 vasa
639 989 832 1036 collectis
858 989 986 1035 bonis
1008 1026 1018 1045 ,
1054 988 1115 1033 illi
1138 988 1240 1033 mali
1269 990 1455 1052 separati

72 1060 379 1124 projicientur,
396 1060 495 1116 nisi,
521 1059 757 1106 «Recedite
775 1079 798 1106 a
813 1077 880 1105 me
896 1060 971 1123 qui
989 1058 1229 1122 operamini
1244 1059 1456 1122 iniquita-

73 1135 225 1178 ntem?
243 1152 264 1174 »
286 1133 377 1178 Nec
401 1142 542 1178 tamen
564 1132 609 1177 in
624 1132 682 1178 eis
708 1131 874 1177 Christi
889 1128 1442 1186 sacramentadestruimus,

75 1217 177 1248 cum
201 1202 268 1249 vel
294 1201 398 1248 tales
421 1203 695 1266 baptizantes
712 1239 723 1257 ,
754 1202 822 1248 vel
850 1200 951 1246 tales
977 1200 1222 1263 baptizatos
1243 1200 1358 1247 intra
1381 1219 1454 1247 ea-

76 1271 176 1319 dem
191 1273 372 1320 unitatis
397 1273 503 1319 retia
519 1273 803 1334 agnoscimus.
829 1273 952 1336 Ipsos
969 1288 1145 1335 quoque
1162 1289 1250 1317 non
1271 1273 1460 1318 arbitror

76 1352 166 1389 tam
190 1360 276 1389 esse
296 1342 588 1406 impudentes,
613 1355 660 1390 ut
685 1343 871 1389 audeant
892 1342 1051 1397 dicere,
1080 1353 1167 1388 tam
1191 1343 1340 1389 multis
1361 1362 1458 1390 ina-

77 1412 128 1460 lis
150 1424 193 1459 et
211 1413 425 1460 sceleratis
442 1452 453 1471 ,
479 1415 553 1479 qui
580 1415 626 1461 in
643 1432 794 1461 eorum
817 1425 942 1479 parte
966 1424 1095 1471 sunt,
1123 1414 1357 1461 manifestis
1377 1416 1460 1461 ssa-

79 1485 194 1546 gitiis
212 1495 253 1531 et
271 1485 541 1532 facinoribus
564 1486 728 1550 perditi
755 1498 797 1532 et
820 1485 1036 1550 inquinati
1056 1523 1066 1542 ,
1096 1485 1183 1532 lloc
1207 1498 1267 1532 est
1284 1526 1294 1544 ,
1327 1488 1463 1534 avaris

80 1567 212 1620 atque
234 1558 487 1621 raptoribus
509 1596 519 1615 ,
557 1559 645 1604 sive
686 1558 944 1604 truculentis
978 1558 1342 1614 linneratoribus,
1377 1560 1463 1605 sive

80 1628 269 1675 cruentis
290 1628 740 1675 circumcellionibus.
762 1629 1001 1674 Dominum
1022 1645 1109 1673 non
1124 1646 1209 1674 esse
1221 1629 1463 1687 dicturum,

81 1698 323 1745 «Recedite
357 1716 381 1745 a
421 1716 490 1745 me
514 1700 589 1763 qui
614 1699 1176 1763 operaminiiniquitatem:
1199 1720 1219 1740 »
1251 1710 1293 1744 et
1324 1711 1465 1745 tamen

81 1770 250 1827 sciunt,
280 1769 453 1826 vident,
477 1781 623 1817 tenent
641 1808 651 1827 ‚
675 1770 835 1816 multos
856 1769 959 1815 tales
979 1769 1203 1833 baptizare
1222 1808 1233 1827 ,
1258 1770 1417 1817 multos
1442 1790 1464 1816 a

83 1841 244 1887 talibus
261 1841 504 1905 baptizari3
523 1842 660 1889 necin
683 1842 740 1888 eis
759 1841 925 1887 Christi
943 1841 1108 1888 violant
1126 1853 1462 1898 sacramentum,

83 1913 213 1958 etiam
243 1912 308 1958 illi
339 1913 503 1976 quibus
533 1913 769 1977 displicent
794 1912 952 1959 scelera
989 1929 1152 1959 eorum.
1196 1913 1295 1959 Non
1332 1914 1468 1959 solum

84 1983 232 2047 itaque
251 1982 366 2029 nihil
386 1995 537 2031 contra
558 2002 636 2031 nos
662 1983 786 2041 dixit,
810 2001 911 2030 cum
937 1984 1036 2029 haec
1062 1984 1322 2043 Evangelica
1344 1985 1465 2030 testi-

85 2054 231 2100 monia
248 2055 460 2118 protulit3
486 2073 637 2103 verum
667 2055 796 2101 etiam
815 2072 893 2101 nos
912 2054 1020 2119 quid
1044 2065 1199 2100 contra
1217 2072 1286 2100 eos
1307 2054 1468 2101 dicere-

85 2141 205 2177 musq
235 2126 476 2174 admonuit.

150 2197 247 2243 XV.
278 2197 471 2244 Proinde
495 2198 615 2261 quod
639 2198 833 2261 sequitur
858 2209 899 2243 et
918 2196 1110 2242 exultans
1137 2196 1244 2242 dicit
1267 2214 1277 2241 :
1308 2217 1328 2239 «
1350 2196 1469 2244 Solvi

86 2265 278 2313 breviter
293 2268 595 2331 quaestionem.
624 2290 645 2310 ›>
668 2268 776 2314 Vere
802 2267 929 2314 solvit
952 2284 1044 2312 eam
1064 2304 1075 2317 ,
1098 2266 1172 2312 sed
1199 2285 1280 2330 pro
1303 2268 1430 2314 nobis
1456 2286 1466 2313 ι

88 2337 447 2402 quandoquidem
473 2337 661 2384 dicendo
685 2356 695 2384 ε
719 2361 738 2380 «
764 2339 816 2384 In
854 2337 1044 2398 indignis
1067 2354 1155 2383 non
1178 2355 1264 2383 esse
1288 2338 1473 2384 dissimi-

90 2406 149 2454 les
167 2425 334 2465 causas,
358 2409 581 2473 baptizare
605 2447 616 2466 ,
647 2408 863 2456 daemonia
888 2408 1047 2473 pellere
1066 2446 1077 2463 ,
1102 2419 1364 2473 caeterasque
1386 2428 1474 2456 non

91 2476 316 2526 dissimiles
334 2481 480 2527 fecisse
494 2480 693 2537 virtutes,
708 2481 873 2545 quibus
891 2479 1138 2526 dicentibus
1159 2500 1170 2534 3
1196 2501 1216 2521 α
1234 2481 1285 2525 In
1301 2481 1474 2527 nomine

91 2559 168 2596 tuo
184 2552 265 2597 ista
282 2552 481 2610 fecimus,
499 2552 697 2601 dicturus
719 2564 811 2601 est:
833 2553 969 2601 «Non
989 2551 1091 2600 novi
1117 2568 1209 2610 vos,
1236 2552 1423 2602 recedite
1449 2571 1472 2600 a

141 2636 153 2659 ¹
176 2636 294 2672 Mauh.
316 2649 374 2680 vn,
398 2640 454 2673 23.
