1763 2838
620 164 976 199 ANNorArroNEs.
1389 152 1484 201 555

107 240 227 300 Papa
249 243 350 299 post
366 229 595 293 Augustini
617 232 788 279 obitum
811 232 961 279 eadem
985 248 1032 279 ex
1055 231 1265 279 sententia
1289 231 1489 295 Pelagia-

107 324 186 353 nos
205 343 217 363 ,
242 304 455 369 episcopis
478 320 556 367 per
586 303 797 349 Picenum
836 303 1029 349 scribens
1047 340 1057 359 ,
1083 303 1327 363 redarguit,
1351 320 1487 369 eaque

110 378 345 422 neminem
385 384 635 435 exceptam
671 389 757 418 esse
791 372 956 419 docuit.
1003 372 1252 433 Fulgentius
1293 391 1424 437 porro
1461 393 1487 421 a

110 443 328 490 Ferrando
353 443 540 489 diacono
573 454 748 502 rogatus
774 442 882 506 quid
909 442 1241 489 existimandum
1267 442 1321 489 de
1354 444 1489 491 salute

102 515 274 575 juvenis
297 512 537 576 AEthiopis,
571 513 648 575 qui
683 512 870 558 instante
892 523 1030 557 morte
1051 513 1298 576 baptizatus
1320 550 1332 569 ,
1364 515 1487 576 prius

108 586 369 640 decesserat,
399 600 531 647 quam
567 581 888 629 Eucharistiam
919 583 1207 647 percepisset,
1236 584 1423 630 ostendit
1446 595 1488 632 et

110 673 158 702 ex
175 655 326 702 multis
353 654 596 717 Scripturae
628 653 760 710 locis,
795 664 907 700 etex
940 655 1173 714 Augustini
1203 655 1409 702 Sermone
1432 655 1489 702 ad

109 726 318 782 Infantes,
353 737 463 771 tunc
497 742 884 789 unumquemque
899 724 1119 785 fidelium
1137 730 1347 788 corporis
1374 744 1487 773 san-

104 800 362 861 guinisque
377 798 623 842 Domz'lzicz'
637 800 925 859 participem
936 798 1072 857 fieri,
1093 795 1282 860 quando
1299 800 1347 842 z'Jz
1373 798 1488 860 bap-

110 872 294 913 tismate
319 866 580 912 membrum
602 868 812 929 corporis
841 867 1015 912 Christi
1029 868 1245 927 efficitur,
1263 884 1350 912 nec
1370 868 1488 913 alie-

110 941 219 982 nari
236 937 298 982 ab
326 953 380 981 eo
405 940 554 998 panis
581 937 834 999 calicisque
860 941 1120 993 consortio,
1139 941 1330 982 etiamsi
1360 949 1490 983 (mte-

109 1024 256 1071 quam
270 1023 450 1070 panem
477 1006 605 1051 illum
632 1008 853 1052 comedat
876 1018 921 1052 et
945 1007 1140 1052 calicem
1163 1007 1309 1065 bibat,
1329 1007 1384 1052 (lc
1397 1009 1488 1055 lzoc·

109 1077 281 1122 saeculo
306 1081 353 1121 in
380 1080 561 1121 unitate
588 1079 793 1140 corporis
822 1078 998 1123 Christi
1018 1081 1297 1122 constiturus
1323 1080 1489 1124 absce-

110 1148 214 1192 dczS.
245 1145 406 1192 Confer
427 1146 492 1191 lib
511 1183 523 1201 ,
565 1147 609 1193 3.
661 1146 716 1193 de
750 1148 1038 1194 Peccatorum
1061 1147 1222 1193 meritis
1247 1164 1343 1212 cap.
1376 1150 1420 1205 4.
1446 1159 1489 1195 et

113 1218 305 1265 Tractat.
339 1217 413 1263 26.
444 1215 490 1261 in
511 1216 638 1263 Joan.

473 1402 735 1435 ANNorATIo
769 1389 839 1451 (7)
874 1404 974 1452 pag.
1018 1389 1125 1451 295.

183 1556 371 1603 Ducitur
390 1574 469 1603 vox
494 1574 517 1602 a
535 1561 704 1615 Cerere,
736 1558 781 1604 in
805 1561 931 1618 cujus
965 1558 1096 1605 sacris
1123 1559 1266 1606 furore
1301 1560 1491 1624 correpti

115 1627 271 1673 mentis
289 1644 378 1672 non
401 1627 501 1674 satis
520 1639 743 1692 compotes
763 1640 899 1675 erant.

477 1826 736 1860 ANNorArro
771 1811 842 1876 (8)
877 1827 976 1876 pag.
1020 1812 1129 1860 310.

182 1977 255 2023 Sic
275 1977 442 2024 Latini-s
467 1989 592 2024 aetate
616 1995 691 2024 sua
714 1978 926 2024 incertam-
944 1988 1126 2024 testatur
1143 1994 1260 2043 saepe
1277 1978 1491 2044 Hierony-

117 2064 214 2093 mus
230 2049 275 2093 in
304 2049 638 2094 Commentariis
657 2048 713 2094 ad
745 2049 869 2094 Isaiae
896 2065 992 2112 cap.
1028 2049 1070 2096 6.
1100 2059 1142 2094 et
1167 2050 1209 2096 8.
1241 2048 1295 2094 ad
1317 2066 1416 2113 cap.
1442 2051 1487 2097 8.

118 2117 305 2164 Zachar.
331 2117 384 2162 ad
411 2120 485 2164 26.
518 2119 678 2165 Matth.
705 2119 809 2164 etin
828 2118 1025 2178 catalogo
1050 2119 1314 2182 scriptorum
1336 2120 1491 2166 Eccle-

119 2188 392 2234 siasticorum
414 2206 510 2251 cap.
530 2190 597 2235 16.
609 2189 660 2234 ad
678 2189 931 2245 Paulum,et
947 2205 1043 2252 cap.
1057 2205 1129 2252 70.
1147 2189 1201 2234 ad
1214 2190 1392 2247 Gaium,
1408 2202 1491 2239 ete.

121 2276 145 2303 a
165 2258 330 2303 Graecis
347 2275 449 2303 vero
471 2269 720 2322 susceptum
738 2259 842 2304 olim
863 2268 1072 2320 tanquam
1101 2259 1248 2314 Pauli,
1276 2259 1321 2305 in
1348 2261 1485 2324 Epist.

128 2344 229 2390 129.
245 2327 298 2372 ad
319 2329 571 2374 Dardanum
594 2329 746 2375 scribit
769 2347 779 2373 ι
803 2329 944 2383 Illud,
963 2328 1039 2383 ait,
1053 2332 1222 2374 nostris
1237 2330 1493 2377 dicendam

121 2409 203 2450 esc,
218 2398 344 2442 lzanc
366 2400 629 2459 Epz'stolccm
655 2413 763 2462 qccoe
781 2399 1000 2444 scribitur
1021 2399 1090 2443 acl
1107 2400 1335 2446 Hebraeos
1353 2438 1365 2457 ,
1396 2419 1492 2447 non

121 2468 273 2513 solam
298 2467 359 2512 al)
395 2468 595 2515 ecclesiis
631 2471 836 2515 Orientis
861 2506 872 2526 ,
908 2469 996 2514 secl
1022 2469 1083 2513 ab
1112 2470 1336 2516 omnibus
1374 2482 1497 2517 retro
