1763 2838
263 186 326 242 84
684 196 718 226 s.
761 194 1005 227 Aueus'rml
1041 194 1244 227 EPISCOPI

257 266 486 312 recitatum
508 273 570 308 est
589 277 685 307 eum
706 281 726 301 α
746 264 1023 306 Hortatorem
1051 261 1292 307 vanissimae
1321 262 1637 325 superstitionis

261 335 529 399 appellatum
556 351 566 377 :
596 330 716 395 quod
744 348 831 376 non
853 330 991 376 solum
1018 331 1131 394 ipse,
1153 331 1226 376 sed
1248 331 1376 377 etiam
1396 334 1542 379 caeteri
1562 333 1639 397 qui

261 406 514 459 tradebant‚
543 401 894 465 appellabantur.
921 400 1005 446 Sed
1022 402 1258 447 Donatistae
1288 404 1632 466 responderunt,

261 496 283 521 a
315 475 548 535 gentilibus
574 473 924 535 persecutoribus
954 472 1000 516 in
1023 472 1330 517 contumeliam
1354 473 1570 533 religionis
1593 485 1634 519 et

261 546 466 592 diaconos
482 554 524 589 et
546 542 826 606 presbyteros
848 542 906 586 ita
931 541 1154 587 vocitatos.

324 614 503 661 XXXV.
532 614 646 672 Ergo
662 612 883 657 Catholici
901 611 1235 674 responderunt,
1254 630 1353 659 cum
1375 613 1533 658 mirum
1549 631 1639 660 non

256 697 387 742 esset,
412 695 603 747 essetque
631 683 675 728 in
698 683 826 727 rebus
848 683 1055 727 humanis
1080 683 1405 729 usitatissimum
1426 721 1436 739 ‚
1474 695 1524 729 ut
1551 701 1638 729 non

256 757 345 803 duo
381 767 581 810 tantum,
616 752 902 798 verumetiam
941 752 1090 815 plures
1117 753 1314 798 homines
1353 771 1440 799 uno
1466 754 1639 799 nomine

253 837 536 878 vocarentur3
560 824 651 870 fieri
671 823 847 887 quidem
873 823 1065 886 potuisse
1083 833 1131 869 ut
1155 823 1225 868 ille
1250 824 1442 869 traditor
1466 824 1640 870 Straton

254 897 480 961 presbyter
498 895 630 940 fuerit
647 932 658 950 ,
679 895 756 939 iste
776 904 918 939 autem
939 894 1046 938 alius
1067 894 1242 939 Straton
1260 894 1470 940 diaconus
1493 911 1503 940 :
1525 912 1635 957 quo-

253 969 372 1014 niam
392 965 633 1012 Donatistae
653 964 848 1009 dixerant
872 975 913 1009 et
935 964 1139 1009 diaconos
1159 975 1199 1009 et
1222 965 1499 1027 presbyteros
1522 965 1636 1010 hor-

253 1049 412 1083 tatores
447 1034 691 1081 Vanissimae
718 1034 1035 1096 superstitionis
1064 1052 1086 1078 a
1125 1035 1361 1093 gentilibus
1394 1035 1635 1098 appellari:

253 1123 505 1171 quanquam
532 1121 678 1149 omnes
706 1103 885 1148 clericos
906 1104 985 1148 isto
1011 1104 1325 1149 contumelioso
1344 1105 1519 1150 nomine
1539 1122 1639 1165 gen-

254 1179 345 1224 tiles
370 1176 589 1240 appellare
613 1175 865 1236 potuerint,
896 1184 937 1218 et
970 1174 1108 1219 multo
1141 1185 1247 1219 esset
1280 1174 1486 1220 incertius
1510 1179 1635 1234 cujus

255 1249 412 1310 gradus
431 1247 612 1292 clericus
639 1245 710 1290 ille
736 1244 921 1290 traditor
953 1245 1081 1290 suerit
1107 1264 1117 1289 ι
1144 1256 1440 1290 verumtamen
1475 1245 1639 1290 etiamsi

254 1337 351 1366 eum
378 1318 609 1363 diaconum
632 1315 759 1360 fuisse
784 1325 927 1378 posset
961 1315 1127 1360 ostendi
1148 1352 1158 1370 ,
1186 1332 1326 1378 neque
1353 1316 1439 1360 hoc
1460 1332 1546 1360 esse
1565 1315 1636 1360 in-

253 1388 461 1437 credibile
483 1397 555 1432 aut
584 1387 741 1431 mirum
759 1423 768 1439 ,
798 1403 897 1430 eum
935 1396 1032 1430 ante
1062 1403 1247 1448 parvum
1278 1396 1448 1448 tempus
1471 1386 1515 1430 in
1544 1385 1636 1447 ipsa

251 1461 361 1506 urbe
378 1461 518 1504 Roma
538 1457 625 1502 duo
647 1457 764 1501 Petri
784 1456 957 1500 diaconi
976 1455 1153 1501 suerint.
1180 1455 1295 1500 Illud
1315 1472 1490 1518 quoque
1514 1454 1635 1500 addi-

251 1542 344 1576 tum
379 1538 440 1573 est
467 1545 488 1572 a
517 1525 788 1581 Catholicis,
828 1525 930 1587 quia
965 1525 1041 1569 etsi
1079 1524 1474 1576 demonstraretur,
1516 1523 1634 1585 quod

253 1599 430 1646 omnino
453 1614 541 1642 non
562 1595 944 1640 demonstrabatur
958 1632 968 1650 ‚
998 1594 1198 1639 eumdem
1223 1599 1467 1639 Stratonem
1487 1592 1634 1638 diaco-

252 1687 360 1716 num
388 1666 615 1713 tradidisse
632 1703 643 1721 ,
681 1682 810 1727 quem
836 1675 982 1727 postea
1016 1663 1283 1709 Melchiades
1307 1662 1360 1709 ad
1386 1662 1635 1725 recipienda

252 1741 349 1786 loca
373 1735 657 1783 ecclesiastica
688 1752 784 1779 cum
813 1734 902 1779 aliis
927 1733 1120 1780 diaconis
1143 1733 1280 1789 misit,
1319 1750 1406 1777 non
1425 1732 1635 1777 continuo

250 1807 546 1858 Melchiadem
566 1807 646 1851 isto
667 1806 847 1850 crimine
871 1805 1062 1867 aspergi,
1085 1821 1214 1867 quem
1234 1804 1375 1867 potuit
1391 1803 1634 1866 persecutio

252 1883 379 1940 longe
397 1879 535 1923 facere
559 1876 780 1921 absentem
800 1913 810 1929 ,
836 1887 884 1920 ut
908 1876 994 1920 hoc
1019 1876 1196 1919 omnino
1222 1874 1427 1928 nesciret,
1450 1889 1635 1936 eumque

253 1952 528 1998 innocentem
553 1957 755 2010 putaret,
785 1963 915 2009 quem
938 1962 1063 1990 nemo
1087 1961 1206 1989 reum
1235 1943 1479 1989 accusando
1504 1960 1634 1988 mon-

255 2030 422 2067 straret.
455 2018 620 2062 Contra
652 2017 727 2062 hic
751 2015 909 2061 frustra
936 2016 1176 2060 Donatistae
1211 2014 1357 2060 eadem
1383 2031 1461 2076 per
1484 2012 1633 2058 eadem

255 2088 495 2137 diutissime
523 2087 834 2133 clamaverunt.

320 2157 523 2204 XXXVI.
578 2158 682 2201 Post
720 2155 1006 2202 Collationem
1043 2155 1145 2200 sane*
1176 2154 1304 2199 etiam
1341 2153 1393 2199 de
1431 2153 1633 2198 Cassiano

257 2225 494 2276 Melehiadi
515 2225 768 2270 calumniati
792 2237 893 2270 sunt
912 2263 923 2280 ,
957 2226 1059 2287 quia
1085 2224 1211 2269 etiam
1236 2224 1321 2269 hoc
1346 2241 1501 2269 nomen
1524 2233 1566 2267 et
1588 2223 1633 2268 in

255 2295 451 2345 diaconis
474 2294 710 2347 invenitur,
733 2311 839 2356 quos
861 2294 915 2338 ad
935 2293 1190 2355 praefectum
1213 2293 1327 2338 misit
1348 2291 1628 2347 Melchiades,

254 2380 297 2416 et
319 2368 363 2412 in
388 2365 470 2411 illis
495 2365 619 2424 gestis
644 2364 722 2409 ubi
742 2364 855 2409 facta
877 2363 1050 2408 traditio
1074 2363 1251 2407 recitata
1272 2373 1346 2409 est.
1379 2362 1507 2418 Quod
1526 2362 1559 2406 si
1585 2362 1631 2406 in

255 2436 498 2486 Collatione
515 2435 728 2491 dicerent,
746 2434 871 2480 facile
892 2434 1037 2497 potuit
1055 2451 1077 2478 a
1100 2433 1340 2479 Catholicis
1358 2430 1627 2495 responderi,

254 2513 301 2560 in
311 2517 433 2557 tanta
446 2506 578 2554 turba
596 2505 898 2553 Romanorum
920 2504 1175 2552 clericorum
1195 2503 1309 2551 nihil
1325 2503 1484 2550 mirum
1504 2500 1631 2548 fuisse
