1763 2838
267 107 355 152 232
686 120 720 148 s.
768 116 1007 150 mensum
1043 117 1248 150 muscom

264 188 501 242 miserunt,
520 196 561 232 et
583 183 892 230 dissilientibus
916 186 1045 232 uteris
1064 185 1401 232 homicidiorum
1423 187 1578 233 scelere
1595 199 1637 234 et

266 274 517 325 stuprorum
537 256 693 302 scelera
706 255 1017 319 prodiderunt3
1040 258 1323 304 existimantes
1342 259 1374 304 si
1398 259 1483 305 hoc
1506 259 1637 304 modo

266 334 312 380 in
331 349 372 378 se
387 329 699 381 vindicassent,
720 326 840 372 nullo
858 330 949 387 jam
969 328 1099 373 modo
1124 331 1262 374 Deum
1282 330 1604 376 x'indicaturum
1623 347 1634 374 :

266 404 378 451 sicut
403 411 445 446 et
470 415 544 445 vos
561 397 724 460 putatis
738 434 748 453 ,
765 414 864 460 quae
879 398 1098 458 sacrilegio
1122 399 1363 446 schismatis
1380 412 1420 445 et
1437 400 1609 446 haeresis
1625 437 1637 456 ,

265 473 336 522 vel
363 467 686 533 depraedando,
707 466 1033 526 detruncando,
1057 470 1313 516 excaecando
1330 508 1341 528 ,
1369 470 1609 516 occidendo
1626 507 1636 526 ,

266 552 485 608 postremo
500 539 629 585 etiam
649 539 962 602 rebaptizando
982 540 1234 587 Catholicos
1251 579 1260 597 ,
1282 552 1322 586 et
1339 542 1547 605 quaelibet
1562 541 1642 588 alia

268 621 506 678 potuerunt
531 627 555 655 a
580 609 704 656 vobis
734 609 919 656 nefanda
943 611 1183 668 committi,
1220 612 1302 658 isto
1330 613 1459 658 modo
1492 629 1612 675 posse
1628 649 1638 667 ,

270 685 372 749 quia
397 699 472 730 vos
498 680 697 727 occiditis
715 719 724 736 ,
758 683 931 745 expiari.
967 683 1049 728 Sed
1077 684 1224 728 erratis
1249 702 1258 728 ε
1290 684 1375 729 boc
1408 684 1586 750 putavit·
1604 693 1645 728 et

269 754 422 801 Judas.
459 754 526 799 An
558 751 645 796 hoc
682 751 811 796 etiam
843 753 973 801 vultis
1014 753 1169 798 addere
1198 753 1531 809 docunutaitum,
1559 770 1645 816 quo

271 825 430 871 certius
447 821 693 867 noverimus
712 825 892 880 majores
908 833 1065 867 vestros
1086 824 1230 885 potius
1249 824 1375 869 fuisse.
1392 824 1615 869 traditores
1633 843 1644 876 3

273 895 374 959 quia
393 902 573 938 mortem
596 891 826 937 imitamini
854 893 1100 938 traditoris?

340 964 524 1011 XXVII.
558 963 671 1021 Ergo
703 962 821 1025 quod
855 963 900 1008 in
921 964 1160 1009 Collatione,
1195 965 1461 1009 contentiose
1496 981 1650 1023 negare

275 1035 472 1085 voluistis
492 1071 502 1090 ,
529 1032 658 1078 etiam
684 1033 790 1078 hinc
820 1051 920 1080 vera
944 1052 1028 1080 esse
1056 1045 1170 1094 gesta
1192 1036 1385 1081 firmatis.
1416 1037 1466 1079 In
1492 1035 1652 1099 quibus

277 1105 477 1156 confessis
501 1103 781 1149 traditoribus
797 1141 806 1159 ,
831 1105 906 1167 qui
931 1116 1032 1151 tunc
1059 1106 1216 1168 primae
1240 1106 1348 1151 sedis
1362 1106 1591 1168 episcopus
1608 1106 1652 1150 in

279 1175 488 1227 Numidia
514 1173 620 1227 fuit,
659 1173 885 1219 Secundus
919 1176 1178 1234 'l'igisitanus
1213 1176 1398 1235 ignovit,
1429 1187 1470 1220 et
1493 1177 1654 1239 quibus

279 1248 461 1300 crimina
484 1244 731 1290 traditionis
750 1244 970 1291 manifesta
998 1258 1124 1310 atque
1140 1247 1328 1292 eonfessa
1349 1247 1463 1309 apud
1491 1247 1653 1291 Cirtam

280 1317 568 1388 praesentibus
597 1315 824 1372 relaxavit,
856 1334 956 1362 eum
988 1319 1055 1363 his
1076 1318 1193 1381 apud
1224 1318 1529 1375 Carthaginem
1560 1328 1656 1362 tan-

281 1409 414 1459 quam
428 1387 656 1435 traditores
670 1403 758 1431 non
776 1389 996 1433 convictos
1013 1389 1292 1450 absentesque
1310 1388 1484 1450 punivit
1501 1406 1510 1432 :
1534 1404 1657 1451 aquo

283 1462 465 1512 crimine
485 1458 611 1504 etiam
629 1457 857 1503 Secundus
870 1458 962 1520 ipse
979 1496 988 1515 ,
1013 1459 1247 1518 objiciente
1266 1458 1487 1520 Purpurio
1506 1458 1658 1503 Lima-

285 1534 416 1590 tensi,
442 1548 483 1576 se
506 1544 692 1594 purgare
711 1545 799 1572 non
823 1529 993 1591 potuit,
1025 1528 1203 1591 quando
1222 1529 1258 1574 ei
1287 1528 1392 1574 dixit
1410 1528 1524 1574 idem
1543 1530 1660 1575 Pur—

284 1606 439 1675 Pur‘mg
457 1623 468 1650 ς
493 1621 504 1648 ;
533 1623 553 1642 α
575 1602 644 1646 Tu
661 1599 768 1663 quid
792 1600 910 1660 egisti
932 1599 1107 1663 quando
1135 1610 1276 1644 tentus
1295 1616 1336 1644 es
1357 1617 1378 1643 a
1395 1600 1603 1644 Curatore
1620 1608 1660 1644 et

288 1680 480 1735 Ordine,
511 1686 561 1722 ut
590 1674 834 1737 Scripturas
876 1672 1026 1717 dares?
1056 1670 1289 1727 Quomodo
1323 1681 1359 1715 te
1391 1670 1582 1715 liberasti
1605 1671 1660 1715 ab

287 1753 415 1818 ipsis,
451 1749 532 1796 nisi
556 1746 659 1811 quia
693 1744 869 1795 dedisti,
914 1753 987 1788 aut
1008 1742 1171 1802 jussisti
1205 1741 1299 1786 dari
1320 1740 1660 1805 quodcumque?

290 1826 402 1872 Nam
421 1838 508 1867 non
533 1829 576 1863 te
600 1815 878 1862 dimittebant
907 1814 1078 1875 passim.
1109 1835 1126 1853 υ
1154 1813 1250 1857 Hoc
1274 1822 1414 1856 autem
1439 1811 1663 1856 Secundus

290 1897 419 1944 etiam
452 1892 497 1937 in
526 1887 682 1935 litteris
709 1886 793 1931 suis·
820 1885 872 1930 ad
906 1883 1170 1928 Mensurium
1196 1882 1306 1927 datis
1324 1919 1333 1936 ‚
1361 1899 1468 1944 quas
1490 1900 1562 1928 vos
1581 1882 1662 1945 ipsi

290 1962 532 2033 protulistis
553 1970 680 2022 atque
706 1955 911 2002 recitastis
925 1992 934 2010 ,
955 1954 1043 1999 sine
1061 1954 1342 2013 ambiguitate
1364 1952 1579 1998 confessus
1604 1963 1664 1998 est

293 2035 409 2102 quod
429 2050 517 2079 non
537 2025 865 2081 tradiderit,sed
892 2024 1010 2087 quod
1033 2023 1086 2068 ad
1113 2040 1207 2068 eum
1233 2022 1507 2085 pervenerint
1528 2042 1550 2068 a
1572 2025 1665 2069 Cu-

292 2120 433 2156 ratore
464 2114 506 2149 et
531 2100 699 2148 Ordine
736 2097 851 2143 missi
890 2105 1201 2158 persecutores,
1230 2111 1337 2157 quos
1361 2094 1396 2138 ei
1422 2095 1666 2157 Purpurius

292 2174 550 2231 Limatensis
573 2170 759 2231 objecit,
780 2179 828 2214 ut
853 2167 1101 2230 Scripturas
1128 2165 1338 2210 traderet:
1362 2182 1469 2227 quas
1493 2183 1593 2211 cum
1610 2167 1666 2210 ab

296 2252 371 2302 illo
403 2254 620 2313 peterent,
643 2259 684 2287 se
708 2239 975 2304 respondisse
998 2256 1007 2282 :
1038 2259 1056 2277 «
1078 2237 1352 2282 Christianus
1385 2253 1478 2281 sum
1497 2248 1538 2281 et
1558 2237 1667 2300 epis·

297 2337 459 2385 copus,
495 2332 583 2361 non
616 2312 819 2366 traditor,
840 2334 853 2351 n
873 2307 1023 2373 cique1
1050 2306 1160 2353 nihil
1192 2308 1369 2354 omnino
1399 2305 1563 2353 tradere
1587 2325 1669 2353 vo-

295 2393 436 2445 luisse.
463 2385 593 2445 Quod
619 2384 656 2432 ei
673 2384 803 2432 vultis
829 2392 875 2429 ut
896 2380 1143 2434 credamus,
1165 2395 1264 2425 cum
1288 2389 1328 2426 et
1345 2377 1517 2442 vosipsi
1537 2395 1667 2444 quam

349 2476 356 2501 1
376 2481 465 2518 fare-,fl
481 2472 597 2514 visque,
