1763 2838
275 148 368 211 378
678 162 712 193 S.
755 160 999 194 mensum
1034 163 1236 196 EPIscoPI

273 229 401 274 etiam
422 225 617 289 parvulis
635 243 721 272 esse
740 228 766 272 J
769 230 921 273 esum?
939 229 1017 292 qui
1040 231 1157 276 venit
1181 230 1226 275 in
1243 228 1524 276 similitudine
1544 246 1645 276 car-

274 300 338 344 nis
355 298 524 362 peccati
539 336 549 354 ‚
575 309 624 344 ut
642 309 1037 363 evacuaretcorpus
1054 301 1249 363 peccati,
1272 302 1316 347 111
1337 318 1423 365 quo
1445 301 1648 347 infirmis-

272 370 379 416 simo
407 369 514 415 nulli
537 369 633 415 usui
661 371 862 430 congruis
882 371 949 417 vel
970 371 1135 417 idoneis
1159 372 1399 418 infantibus
1414 372 1642 428 membris,

271 441 414 486 anima
429 439 649 485 rationalis
661 441 894 486 miserabili
906 441 1150 501 ignorantia
1170 453 1482 504 praegravatur.
1501 443 1646 498 Quam

271 510 401 572 plane
424 510 709 568 ignorantiam
737 511 859 556 nullo
896 511 1032 556 modo
1064 511 1322 557 crediderim
1356 511 1484 558 fuisse
1506 511 1551 557 in
1573 511 1646 557 in-

273 580 389 625 fante
410 579 502 636 illo,
528 579 574 625 in
600 597 687 643 quo
707 581 901 627 Verbum
918 599 1020 627 caro
1043 581 1208 627 factum
1244 593 1330 638 est,
1360 592 1409 627 ut
1430 582 1649 628 habitaret

274 650 319 695 in
339 650 488 705 nobis,
508 667 587 696 nec
612 650 730 695 illam
757 651 892 714 ipsius
920 652 1050 698 animi
1076 652 1371 697 infirmitatem
1402 653 1449 697 in
1474 652 1649 698 Christo

274 720 460 783 parvulo
482 719 637 765 fuerim
671 722 942 784 suspicatus,
973 739 1102 784 quam
1141 722 1335 767 videmus
1358 722 1403 767 in
1436 722 1642 784 parvulis,

277 791 361 834 Per
378 790 493 835 hanc
512 791 625 835 enim
652 791 798 847 etiam,
826 808 927 837 cum
951 793 1142 838 motibus
1166 792 1541 838 irrationabilibus
1553 810 1649 855 per-

276 860 514 905 turbantur
530 897 540 913 ,
567 860 687 905 nulla
704 862 888 918 ratione,
915 862 1037 907 nullo
1061 863 1266 924 imperio,
1295 862 1368 907 sed
1392 861 1542 907 dolore
1565 862 1649 907 ali-

277 930 453 994 quando
467 930 535 976 vel
555 928 716 977 doloris
738 943 899 978 terrore
924 933 1187 977 cohibentur
1205 951 1215 977 ε
1246 944 1294 978 111
1315 932 1492 978 0111111110
1505 932 1650 978 Videas

274 1001 390 1046 illius
420 1000 728 1047 inobedientiae
760 1002 869 1048 filios
887 1040 898 1059 ‚
934 1019 1035 1065 quae
1057 1013 1254 1048 movetur
1280 1002 1326 1047 in
1350 1002 1556 1047 membris
1578 1018 1648 1046 re-

275 1088 474 1134 pugnans
497 1070 579 1130 legi
603 1072 757 1117 mentis
776 1109 788 1130 ,
816 1090 894 1118 1100
916 1089 1017 1118 011111
1040 1072 1134 1118 vult
1171 1073 1280 1118 ratio
1299 1109 1309 1127 ‚
1341 1072 1610 1134 conquiescit
1636 1090 1646 1118 :

274 1157 427 1187 verum
451 1151 492 1185 et
516 1141 610 1203 ipsa
628 1158 742 1204 saepe
770 1143 837 1188 vel
859 1143 1008 1188 dolore
1030 1143 1226 1205 corporis
1241 1179 1252 1196 ,
1284 1153 1492 1204 tanquam
1512 1158 1651 1204 vapu-

275 1210 406 1256 lando
432 1211 743 1273 compescitur,
770 1212 837 1258 vel
859 1212 1148 1275 pavescendo,
1168 1212 1237 1257 vel
1260 1211 1334 1257 tali
1354 1211 1500 1273 aliquo
1517 1211 1653 1258 animi

275 1291 399 1326 motu
414 1318 425 1336 ‚
454 1298 541 1326 non
564 1292 709 1327 tamen
748 1282 972 1328 voluntate
996 1283 1298 1345 praecipiente,
1322 1281 1644 1344 comprimitur.

276 1350 360 1395 Sed
385 1351 488 1413 quia
510 1351 556 1395 in
580 1368 628 1395 eo
651 1363 741 1397 erat
757 1352 995 1397 similitudo
1015 1352 1154 1397 carnis
1179 1353 1364 1414 peccati,
1393 1351 1652 1397 mutationes

277 1430 457 1464 aetatum
493 1421 663 1483 perpeti
696 1421 835 1483 voluit
866 1421 923 1466 ab
956 1422 1051 1485 ipsa
1074 1437 1244 1467 exorsus
1274 1420 1487 1476 infantia,
1518 1431 1567 1466 ut
1597 1420 1652 1466 ad

273 1500 453 1534 mortem
468 1489 668 1536 videatur
681 1493 811 1537 etiam
830 1492 1091 1538 senescendo
1115 1490 1188 1538 illa
1212 1508 1311 1537 caro
1326 1490 1548 1554 pervenire
1566 1507 1653 1553 po-

275 1560 429 1615 tuisse,
468 1559 550 1605 nisi
567 1562 740 1620 juvenis
771 1561 919 1611 fuisset
943 1564 1124 1610 occisus.
1157 1563 1269 1619 Quae
1289 1573 1433 1607 tamen
1464 1577 1580 1606 mors
1603 1560 1650 1606 in

275 1646 403 1675 carne
428 1631 598 1693 peccati
616 1631 925 1678 inobedientiae
948 1633 1094 1678 debita
1115 1632 1313 1678 redditur
1328 1668 1339 1687 ,
1376 1632 1422 1677 in
1445 1630 1652 1676 similitu-

274 1699 374 1744 dine
399 1711 541 1746 autem
564 1703 704 1747 carnis
722 1705 892 1765 peccati
916 1704 1177 1749 obedientiae
1204 1703 1428 1749 voluntate
1453 1711 1653 1764 suscepta

272 1779 349 1815 cst.
383 1769 452 1814 Ad
485 1786 580 1815 eam
603 1771 770 1834 quippe
793 1773 936 1817 iturus
974 1790 1154 1836 eamque
1176 1789 1379 1835 passurus
1396 1809 1407 1828 ‚
1442 1772 1529 1817 hoc
1554 1772 1611 1816 ait
1636 1789 1647 1816 :

273 1860 293 1879 «
314 1841 427 1885 Ecce
446 1841 563 1886 venit
583 1852 726 1887 tamen
748 1843 954 1906 princeps
978 1845 1133 1889 mundi
1152 1845 1302 1903 hujus,
1325 1854 1366 1889 et
1384 1844 1429 1888 in
1449 1860 1516 1888 me
1538 1842 1651 1888 nihil

272 1931 293 1951 »
316 1910 502 1957 inveniet
525 1929 533 1955 :
565 1912 639 1957 sed
680 1924 728 1958 ut
752 1913 891 1959 sciant
921 1932 1066 1960 omnes
1089 1915 1193 1978 quia
1214 1914 1484 1961 voluntatem
1507 1913 1652 1958 Patris

272 2001 293 2022 »
318 1981 402 2026 mei
442 1980 583 2037 facio,
624 1983 808 2043 surgite,
851 2001 997 2030 eamus
1033 1984 1191 2031 1111104.
1225 2006 1244 2026 ι)
1275 1984 1354 2030 His
1384 1983 1513 2029 dictis
1543 2000 1651 2046 per-

271 2051 376 2096 rexit
404 2051 458 2096 ad
493 2051 735 2099 indebitam
767 2065 950 2100 mortem
973 2092 985 2113 ‚
1020 2055 1161 2101 factus
1194 2054 1400 2101 obediens
1434 2066 1568 2116 usque
1593 2053 1649 2098 ad

272 2132 469 2168 mortem.

337 2192 497 2239 XLIX.
540 2194 824 2257 Quapropter
842 2195 907 2241 illi
927 2194 1003 2257 qui
1028 2193 1185 2241 dicunt
1206 2212 1216 2239 ε
1239 2216 1259 2236 <c
1282 2195 1327 2240 Si
1353 2194 1650 2257 primihomi-

272 2260 337 2304 nis
362 2273 541 2322 peccato
575 2264 740 2310 factum
777 2276 840 2311 est
865 2275 913 2311 ut
937 2281 1220 2320 moreremur,
1257 2265 1422 2310 Christi
1458 2264 1649 2311 adventu

271 2329 391 2375 fieret
414 2342 462 2377 ut
484 2334 705 2381 credentes
736 2335 781 2381 in
804 2352 903 2382 eum
934 2352 1022 2382 non
1047 2351 1344 2381 moreremur:
1372 2356 1392 2377 »
1420 2345 1462 2380 et
1480 2334 1649 2380 addunt

273 2400 397 2463 quasi
422 2403 657 2465 rationem,
690 2406 881 2453 dicentes
902 2424 915 2452 ι
942 2426 964 2449 «
986 2406 1136 2470 Neque
1165 2405 1280 2453 enim
1300 2404 1648 2470 praevaricatoris

322 2482 335 2505 1
353 2483 450 2516 Joan.
466 2494 534 2524 x1v,
547 2486 600 2517 30.
