1763 2838
152 239 332 271 CONTRA
368 237 664 270 GAUDENTIUM
700 238 863 268 DONAT.
908 214 1072 282 iirlst,
1111 243 1198 273 ΜΓ).
1242 244 1274 273 1.
1347 245 1439 292 *227

66 318 186 354 tuam
208 345 218 363 ‚
242 305 411 371 inquit,
439 304 699 358 executoriS‚
736 304 925 351 officinm
951 324 1036 352 non
1061 307 1267 366 decebat,
1295 328 1443 374 quaeso

67 379 220 443 paucis
244 377 431 424 adverte.
464 377 558 423 Alia
578 387 664 433 051,
690 387 865 434 1111001,
891 377 1027 423 solida
1051 380 1230 437 veritas,
1259 381 1341 427 alia
1355 383 1442 429 effi-

71 451 154 510 gies
174 450 366 496 veritatis
391 467 401 494 ε
426 448 632 512 quoniam
659 448 813 494 veritas
844 448 1001 494 robore
1035 460 1112 496 suo
1146 453 1316 499 firmata
1340 462 1443 499 con-

71 533 179 578 stat,
206 521 373 568 idolum
407 521 493 567 sive
521 521 804 567 simulacrum
825 530 886 566 est
916 520 1034 584 quod
1059 519 1104 568 in
1127 523 1332 585 injuriam
1355 525 1447 573 'veri

72 593 208 639 simile
227 593 375 638 fecerit
398 593 590 638 humana
609 591 897 656 praesumptio
923 609 933 636 :
960 604 1185 657 nunquam
1205 607 1347 643 tamen
1369 610 1448 662 po*

72 675 155 711 test
177 663 466 728 praejudicare
489 664 661 711 veritati
678 662 862 709 fallacia.
895 662 1241 712 Simulacrorum
1263 668 1450 714 cultores

76 735 175 782 dico
195 772 205 789 ‚
249 736 326 799 qui
361 753 450 781 11011
483 746 630 781 10110111
651 734 875 781 veritatem
908 752 917 779 :
951 734 1031 780 51111
1069 736 1207 783 alieno
1232 739 1452 784 vocabulo

78 807 279 868 gentilem
305 807 498 853 existimo
513 844 524 865 ‚
549 806 626 870 qui
644 806 748 852 facit
772 805 855 851 sibi
876 806 995 870 quod
1012 807 1139 855 colat.
1166 809 1291 856 Unde
1308 809 1457 874 publi-

80 896 180 925 cum
202 889 490 942 apertumque
510 888 571 924 est
585 916 595 934 ,
626 877 744 941 quod
769 876 896 922 minis
912 915 922 933 ‚
957 878 1042 923 sive
1064 889 1224 926 terrore
1253 892 1295 926 et
1313 898 1456 945 persc-

81 967 135 995 cu
144 950 332 995 tionibus
347 950 509 995 crebris
520 949 744 994 Gabinum
759 948 1002 1012 similesque
1015 949 1067 995 de
1079 962 1249 997 naturae
1262 952 1462 998 libertate

82 1021 302 1077 sublatos,
327 1021 408 1084 ipsi
428 1021 509 1066 sibi
533 1038 641 1084 qrms
667 1031 973 1066 venerarentur
1004 1022 1197 1085 perfidos
1228 1023 1463 1070 fabricasse

84 1102 351 1147 noscuntur,
374 1091 626 1155 adquorum
646 1091 812 1137 cultum
838 1103 1054 1151 coguntur
1070 1093 1211 1142 inviti.
1240 1117 1260 1136 ))
1284 1094 1349 1141 Ad
1364 1095 1462 1140 haec

86 1181 198 1226 resp.
236 1163 401 1209 Adhuc
436 1164 559 1209 addis
582 1163 719 1208 furori
753 1174 892 1209 vestro
927 1165 1061 1209 verba
1085 1165 1398 1229 blasphemiae,
1424 1176 1467 1210 et

89 1234 222 1279 audes
256 1233 398 1279 dicere
432 1234 666 1279 Ecclesiam
694 1234 960 1290 catholicam
993 1234 1239 1282 humanum
1273 1254 1359 1282 0550
1392 1236 1470 1296 sig·-

89 1314 283 1350 mentum
300 1342 310 1360 ,
338 1304 407 1349 0111
436 1304 544 1349 dicit
574 1309 685 1349 Deus
708 1323 717 1349 :
740 1326 759 1345 «
781 1305 871 1363 Ego
896 1305 1011 1350 enim
1036 1323 1129 1351 sum
1158 1307 1371 1354 Dominus
1395 1306 1472 1371 qui

92 1375 242 1421 »facio
266 1386 306 1421 te
324 1413 334 1425 ,
362 1376 575 1420 Dominus
609 1393 766 1421 nomen
792 1375 874 1422 eil.
900 1398 918 1417 »
960 1377 1016 1422 Et
1046 1387 1093 1422 ut
1125 1378 1310 1424 sciamus
1330 1378 1472 1442 ipsam

94 1464 186 1493 eam
212 1446 488 1494 Catliolicam
515 1447 715 1492 universo
749 1457 958 1491 terrarum
998 1448 1102 1493 orbe
1140 1448 1367 1505 diffusam,
1411 1465 1472 1494 sc-

94 1519 245 1582 quitur
269 1528 310 1562 et
331 1517 527 1577 adjungit
552 1535 561 1561 :
589 1518 643 1562 Et
663 1518 738 1579 qni
756 1517 867 1562 eruit
885 1528 924 1563 10
944 1555 953 1573 ‚
976 1518 1066 1581 ipse
1087 1520 1202 1565 Deus
1226 1520 1362 1566 Isra‘el
1381 1519 1477 1565 uni-

97 1606 229 1634 versa-3
250 1600 373 1634 terrae
386 1589 629 1634 vocabitur.
652 1589 748 1633 Hoc
767 1588 1133 1635 evidentissimum
1152 1591 1230 1636 Dei
1250 1598 1379 1655 opus,
1396 1591 1481 1637 hu-

100 1677 277 1705 manum
294 1659 437 1704 dicitis
465 1677 551 1704 esse
570 1661 854 1719 figmentum:
884 1678 962 1705 nec
990 1677 1064 1706 vos
1095 1662 1324 1725 respicitis,
1357 1659 1480 1726 quod

103 1731 160 1777 ab
183 1730 263 1775 ista
284 1730 475 1776 Ecclesia
499 1747 632 1794 quam
654 1748 695 1775 se
718 1730 918 1793 promisit
951 1731 1066 1777 Deus
1092 1732 1136 1777 in
1156 1733 1355 1778 universa
1371 1743 1485 1778 terra

103 1819 190 1848 esse
216 1801 437 1847 facturum
455 1839 464 1856 ‚
493 1801 614 1847 nullo
639 1801 769 1847 modo
793 1803 1128 1865 separaremini,
1160 1804 1241 1849 nisi
1264 1803 1488 1850 hominem

105 1873 402 1937 sequeremini.
440 1874 526 1917 Nos
550 1890 647 1918 enm
674 1873 895 1936 sequimur
914 1873 988 1936 qui
1010 1873 1118 1919 dixit
1142 1875 1365 1920 Abrahae:
1394 1896 1414 1917 α
1433 1875 1486 1919 In

107 1957 126 1986 5)
144 1945 301 1990 'semine
314 1954 388 1989 tuo
401 1943 716 1989 benedicentur
730 1961 877 1989 omncs
897 1954 1039 2001 gentes
1051 1944 1083 1990 2.
1103 1967 1120 1985 υ
1133 1946 1246 1990 Ε11111
1268 1945 1490 2009 sequimur

104 2019 179 2079 qui
200 2015 307 2061 dixit
333 2015 414 2079 ipsi
446 2015 652 2060 licclosiae
682 2031 788 2070 sure,
814 2015 932 2077 quod
958 2015 1088 2061 modo
1121 2016 1485 2073 commemoravi,

107 2088 198 2147 Ego
240 2104 335 2132 sum
360 2087 573 2131 Dominus
604 2086 679 2148 qui
717 2085 828 2131 facio
849 2097 906 2141 te,
932 2088 1145 2132 Dominus
1177 2105 1336 2133 nomen
1370 2087 1489 2145 ei3et

106 2179 127 2199 ))
147 2158 223 2221 qui
239 2158 350 2202 eruit
371 2168 425 2209 te„
459 2157 551 2219 ipse
581 2157 697 2201 Deus
726 2156 863 2201 Israel
899 2157 1110 2203 universae
1149 2168 1273 2203 terrae
1303 2156 1490 2205 vocabi-

107 2250 128 2271 »
154 2240 238 2276 tur.
272 2250 292 2269 »
314 2230 549 2291 Propterea
582 2237 770 2273 tenentes
794 2228 1049 2284 Ecclesiam,
1082 2246 1180 2292 quae
1213 2229 1423 2275 dilatatur
1446 2239 1488 2274 et

106 2300 261 2345 crescit
281 2317 361 2363 per
381 2316 528 2344 omnes
564 2308 707 2357 gentes
748 2309 787 2344 et
808 2316 886 2362 per
921 2299 1164 2345 universam
1187 2311 1344 2347 terram
1361 2338 1372 2356 ‚
1402 2316 1491 2346 non

107 2371 257 2434 utique
282 2371 535 2430 figmentum
563 2368 783 2432 sequimur
807 2370 1071 2426 humanum,
1100 2370 1172 2416 sed
1195 2372 1455 2434 promissum
1475 2407 1486 2427 ,

106 2442 360 2505 factumque
380 2441 594 2487 divinum.
627 2441 711 2486 Vos
725 2440 832 2505 quid
851 2441 1097 2504 sequimini,
1125 2442 1242 2487 utab
1267 2442 1398 2504 hujus
1417 2442 1489 2488 di-

108 2514 224 2559 vinae
248 2512 545 2577 promissionis
578 2523 619 2557 et
648 2511 785 2558 dix-ini
822 2514 963 2576 operis
999 2514 1308 2560 communione
1342 2513 1487 2570 divisi,

160 2595 171 2617 ¹
192 2597 264 2627 Isa'i.
279 2608 344 2628 mv.
364 2597 393 2629 ῑῖ,
412 2615 455 2621 —
470 2594 485 2616 ‘⁴'
502 2598 581 2625 Gen.
603 2606 683 2631 xxix,
708 2597 758 2626 18.

1321 2650 1339 2659 n-

1289 2666 1357 2695 li).
