1763 2838
261 136 353 190 (325
664 148 696 176 S.
743 146 983 176 AUGUSTINI
1018 147 1219 178 EPISCOPI

259 227 326 260 tus
350 213 402 258 ad
423 212 733 273 justificantem
751 212 931 271 gratiam
948 212 1232 275 perducatur,
1252 211 1324 257 sed
1339 227 1425 274 qua
1447 210 1634 270 legitime

255 290 344 345 jam
361 289 504 344 justus
524 286 700 329 utatur‘?
722 284 786 328 An
808 282 932 338 sorte,
950 284 1036 328 imo
1051 301 1150 329 vero
1169 301 1255 329 non
1273 283 1400 337 sorte,
1418 281 1490 327 sed
1508 291 1636 337 certe,

263 355 322 400 sic
354 354 541 413 legitime
576 353 713 398 utitur
736 352 824 410 lege
857 357 945 411 jam
966 356 1106 412 justus
1127 390 1137 407 ‚
1174 371 1275 399 cum
1302 370 1392 398 eam
1433 351 1639 407 terren-dis

263 425 451 486 imponit
469 424 655 482 injustis,
687 434 734 468 ut
752 440 850 468 cum
874 434 913 467 ct
931 423 975 468 in
997 424 1098 486 ipsis
1116 423 1301 485 coeperit
1325 423 1508 467 insolitae
1527 437 1638 466 con-

265 495 545 557 cupisccntiae
586 495 764 538 morbus
804 494 1021 539 incentivo
1055 493 1365 556 prohibitionis
1398 504 1441 538 et
1465 491 1640 538 cumulo

266 565 636 628 praevaricationis
652 564 794 624 augeri
820 565 1072 624 confugiant
1095 582 1173 627 per
1199 563 1327 609 fidem
1345 563 1643 623 adjustifican-

266 646 349 681 tem
368 635 570 694 gratiam,
601 647 640 680 et
664 653 741 697 pei·
759 635 922 680 donum
947 636 1125 698 spiritus
1145 634 1355 679 suavitate
1375 634 1553 693 J'ustitiae
1573 632 1644 677 de-

268 705 413 750 lectati
446 722 625 768 poenam
655 705 810 750 litterae
839 706 1042 751 minantis
1069 704 1284 751 evadant?
1311 705 1488 749 Itanon
1522 712 1648 748 erunt

265 777 496 830 contraria,
524 777 793 838 nequeinter
827 793 867 820 se
903 776 991 820 duo
1028 777 1107 821 ista
1148 775 1429 838 pugnabunt,
1448 785 1496 820 ut
1518 773 1648 818 etiarn

265 846 406 906 justus
442 847 558 891 bona
580 846 670 905 lege
692 846 879 905 legitime
904 857 1071 900 utatur,
1100 857 1141 892 et
1171 857 1313 891 tamen
1332 850 1449 905 justo
1479 845 1542 890 lex
1563 859 1648 906 po-

268 916 347 961 sita
368 933 454 961 non
473 916 526 960 sit
556 934 566 961 z
596 934 683 961 non
712 917 825 961 enim
846 934 892 962 ex
927 934 974 961 ea
1010 918 1271 976 justificatus
1298 927 1376 967 est,
1404 915 1477 960 sed
1495 913 1649 972 exlege

269 985 388 1042 fidei,
413 1003 499 1049 qua
521 986 706 1031 credidit
733 986 853 1032 nullo
879 987 1010 1032 modo
1047 1004 1171 1050 posse
1209 1003 1297 1032 suae
1321 985 1565 1030 infirmitati
1597 982 1652 1028 ad.

268 1055 491 1118 implenda
513 1074 579 1113 θα,
603 1074 703 1120 quae
722 1056 784 1102 lex
804 1058 1022 1103 factorum
1040 1058 1232 1116 juberet,
1256 1056 1334 1102 nisi
1347 1055 1494 1102 divina
1517 1053 1654 1115 gratia

277 1126 512 1172 subveniri.

341 1197 481 1242 RVH.
511 1197 613 1242 Ideo
637 1196 770 1242 dicit:
790 1218 810 1237 κ
825 1197 911 1242 [bi
926 1207 1099 1257 estergo
1121 1197 1319 1257 gloriatio
1340 1198 1451 1242 tua'?
1474 1193 1656 1240 Exclusa

279 1287 297 1305 υ
322 1276 398 1312 cst.
422 1268 505 1311 Per
524 1279 654 1329 quam
679 1266 812 1326 legem
830 1270 846 1311 Ξ)
872 1266 1125 1312 factorum?
1162 1269 1259 1312 Non
1277 1303 1288 1321 ‚
1315 1266 1387 1312 sed
1421 1283 1499 1329 per
1522 1264 1658 1323 legem

280 1358 299 1375 >³
324 1336 422 1381 fidei
443 1336 473 1382 1.
510 1358 528 1377 υ
554 1337 651 1382 Sive
668 1337 967 1396 gloriationem
989 1337 1144 1382 dixerit
1173 1337 1438 1383 laudabilem
1456 1373 1466 1391 ‚
1496 1351 1595 1398 quae
1613 1334 1659 1378 in

281 1407 471 1451 Domino
497 1417 574 1461 est,
596 1424 778 1469 eamque
797 1407 1029 1462 exclusam,
1058 1408 1103 1453 id
1123 1418 1207 1463 est,
1234 1425 1321 1452 non
1345 1417 1393 1452 ut
1412 1405 1661 1452 abscederet

284 1474 469 1538 pulsam,
486 1477 558 1522 sed
584 1488 631 1522 ut
649 1478 853 1522 emineret
872 1494 1128 1540 expressam.
1147 1477 1272 1523 Unde
1283 1488 1323 1522 et
1336 1477 1571 1522 exclusores
1591 1474 1662 1520 di-

283 1558 444 1591 cuntur
467 1548 645 1610 quidam
671 1548 853 1593 artifices
889 1549 1131 1607 argentarii.
1175 1549 1289 1594 Hinc
1308 1558 1368 1592 est
1405 1557 1446 1592 et
1486 1545 1596 1590 illud
1617 1545 1662 1590 iu

291 1617 466 1662 Psalmis
488 1636 497 1662 ε
517 1642 534 1658 κ
561 1621 616 1663 [t
630 1618 963 1663 excludanturii
984 1619 1060 1682 qui
1080 1619 1253 1681 probati
1273 1628 1371 1663 sunt
1394 1626 1566 1676 argento
1581 1617 1622 1667 ἒς
1643 1636 1663 1656 »

287 1688 372 1732 hoc
393 1699 471 1743 est,
511 1700 558 1733 ut
589 1690 803 1734 emineant
833 1690 907 1752 qui
932 1690 1109 1752 probati
1141 1700 1241 1734 sunt
1264 1685 1657 1752 eloquiorDomini.

288 1759 396 1802 Nam
422 1769 463 1802 et
490 1758 594 1803 alibi
619 1759 780 1804 dicitur
807 1777 817 1804 :
847 1781 864 1800 α
888 1760 1073 1822 Eloquia
1112 1759 1287 1804 Domini
1317 1759 1488 1822 eloquia
1520 1767 1661 1811 casta,

288 1850 308 1868 »
333 1839 553 1887 argentum·
581 1828 675 1887 igne
699 1829 1034 1876 examinatunl3.
1062 1850 1081 1870 >2
1106 1829 1203 1875 Sive
1221 1829 1519 1888 gloriationem
1540 1827 1666 1873 vitio-

289 1914 376 1942 sam
390 1898 442 1943 (le
466 1899 668 1961 superbia
689 1899 928 1944 venientem
942 1916 1281 1944 commemorare
1298 1898 1500 1953 voluerit,
1518 1913 1667 1942 eorum

288 1968 450 2013 scilicet
469 2005 479 2024 ,
508 1969 583 2032 qui
616 1985 716 2014 cum
740 1970 956 2028 sibijuste
990 1970 1194 2015 videntur
1210 1969 1377 2022 vivere,
1406 1969 1464 2013 ita
1485 1967 1668 2027 glorian-

295 2049 379 2095 tur,
407 2040 531 2102 quasi
553 2056 641 2084 non
667 2041 938 2102 acceperint:
967 2057 1150 2103 eamque
1173 2057 1261 2085 non
1282 2056 1360 2102 per
1376 2038 1510 2098 legem
1527 2036 1668 2084 facto-

293 2126 408 2164 rum,
427 2109 498 2154 sed
516 2127 594 2172 per
611 2109 745 2168 legem
772 2110 873 2155 fidei
889 2110 995 2156 dicit
1013 2110 1247 2166 exclusam,
1271 2109 1316 2155 id
1334 2120 1414 2165 est,
1434 2112 1611 2168 ejectam
1629 2117 1671 2153 et

293 2180 508 2238 abjectam
528 2199 539 2232 ;
565 2180 667 2242 quia
683 2198 756 2242 per
776 2180 911 2240 legem
930 2181 1030 2226 fidei
1045 2182 1227 2245 quisque
1245 2179 1487 2239 cognoscit,
1516 2178 1669 2241 siquid

292 2250 400 2294 liene
417 2250 543 2303 vivit,
573 2252 650 2295 Dei
676 2251 809 2309 gratia
825 2269 866 2296 se
892 2252 1069 2306 habereq
1094 2263 1135 2297 et
1154 2263 1199 2297 ut
1213 2250 1520 2314 perficiaturin
1540 2249 1671 2295 dilec-

295 2318 409 2364 tione
423 2320 618 2378 justitiae‚
649 2338 735 2365 non
755 2339 795 2365 se
816 2322 990 2366 aliunde
1014 2333 1363 2368 consecuturum.

358 2390 521 2435 XVlll.
557 2390 669 2446 Qua}
690 2391 891 2451 cogitatio
909 2392 1031 2455 pium
1053 2392 1173 2450 facit,
1200 2393 1303 2457 quia
1333 2391 1463 2454 pietas
1484 2401 1546 2437 est
1572 2406 1671 2436 vera

347 2473 356 2494 ¹
377 2475 471 2505 Rom.
494 2484 543 2509 ιιι,
566 2485 618 2511 25.
635 2492 679 2497 —-
695 2472 803 2506 ²l‘sali
824 2477 993 2513 1.xv11,31.
1015 2494 1054 2499 -—-
1075 2472 1155 2509 31³.
1175 2487 1273 2515 x1‚7.
