<?xml version="1.0" encoding="UTF-8"?>
<!DOCTYPE html PUBLIC "-//W3C//DTD XHTML 1.0 Transitional//EN"
    "http://www.w3.org/TR/xhtml1/DTD/xhtml1-transitional.dtd">
<html xmlns="http://www.w3.org/1999/xhtml" xml:lang="en" lang="en">
 <head>
  <title>
</title>
<meta http-equiv="Content-Type" content="text/html;charset=utf-8" />
  <meta name='ocr-system' content='tesseract 3.04.00' />
  <meta name='ocr-capabilities' content='ocr_page ocr_carea ocr_par ocr_line ocrx_word'/>
</head>
<body>
  <div class='ocr_page' id='page_1' title='image "./operaomniaaccura33auguuoft_0342.png"; bbox 0 0 1763 2838; ppageno 0'>
   <div class='ocr_carea' id='block_1_1' title="bbox 267 175 1246 220">
    <p class='ocr_par' dir='ltr' id='par_1_1' title="bbox 267 175 1246 220">
     <span class='ocr_line' id='line_1_1' title="bbox 267 175 1246 220; baseline -0.001 0"><span class='ocrx_word' id='word_1_1' title='bbox 267 175 357 220; x_wconf 81' lang='lat'>332</span> <span class='ocrx_word' id='word_1_2' title='bbox 687 188 722 217; x_wconf 84' lang='lat' dir='ltr'>s,</span> <span class='ocrx_word' id='word_1_3' title='bbox 765 186 1007 217; x_wconf 65' lang='lat' dir='ltr'>Auens‘mm</span> <span class='ocrx_word' id='word_1_4' title='bbox 1042 187 1246 219; x_wconf 84' lang='lat' dir='ltr'><strong>EPISGOPI</strong></span> 
     </span>
    </p>
   </div>
   <div class='ocr_carea' id='block_1_2' title="bbox 255 251 1638 1365">
    <p class='ocr_par' dir='ltr' id='par_1_2' title="bbox 255 251 1638 1365">
     <span class='ocr_line' id='line_1_2' title="bbox 264 251 1636 317; baseline -0.001 -18"><span class='ocrx_word' id='word_1_5' title='bbox 264 270 423 317; x_wconf 79' lang='lat' dir='ltr'>corpus</span> <span class='ocrx_word' id='word_1_6' title='bbox 450 263 647 298; x_wconf 86' lang='lat' dir='ltr'>nostrum</span> <span class='ocrx_word' id='word_1_7' title='bbox 670 253 927 312; x_wconf 82' lang='lat' dir='ltr'>castigamus</span> <span class='ocrx_word' id='word_1_8' title='bbox 957 263 1000 297; x_wconf 85' lang='lat' dir='ltr'>ct</span> <span class='ocrx_word' id='word_1_9' title='bbox 1028 253 1220 299; x_wconf 82' lang='lat' dir='ltr'>servituti</span> <span class='ocrx_word' id='word_1_10' title='bbox 1239 251 1542 313; x_wconf 75' lang='lat' dir='ltr'>subjicimus1‚</span> <span class='ocrx_word' id='word_1_11' title='bbox 1569 252 1636 298; x_wconf 80' lang='lat' dir='ltr'>vel</span> 
     </span>
     <span class='ocr_line' id='line_1_3' title="bbox 268 321 1636 379; baseline -0.002 -10"><span class='ocrx_word' id='word_1_12' title='bbox 268 324 321 369; x_wconf 80' lang='lat' dir='ltr'>ad</span> <span class='ocrx_word' id='word_1_13' title='bbox 347 341 446 369; x_wconf 88' lang='lat' dir='ltr'>usus</span> <span class='ocrx_word' id='word_1_14' title='bbox 470 323 611 368; x_wconf 85' lang='lat' dir='ltr'>licitos</span> <span class='ocrx_word' id='word_1_15' title='bbox 643 332 684 367; x_wconf 84' lang='lat' dir='ltr'>et</span> <span class='ocrx_word' id='word_1_16' title='bbox 715 321 950 367; x_wconf 84' lang='lat' dir='ltr'>necessario</span> <span class='ocrx_word' id='word_1_17' title='bbox 982 321 1233 379; x_wconf 83' lang='lat' dir='ltr'>relaxanda,</span> <span class='ocrx_word' id='word_1_18' title='bbox 1271 322 1337 368; x_wconf 81' lang='lat' dir='ltr'>vel</span> <span class='ocrx_word' id='word_1_19' title='bbox 1372 322 1636 368; x_wconf 81' lang='lat' dir='ltr'>continentia</span> 
     </span>
     <span class='ocr_line' id='line_1_4' title="bbox 260 391 1634 455; baseline -0.002 -16"><span class='ocrx_word' id='word_1_20' title='bbox 260 393 523 440; x_wconf 79' lang='lat' dir='ltr'>cohibenda.</span> <span class='ocrx_word' id='word_1_21' title='bbox 555 392 640 438; x_wconf 81' lang='lat' dir='ltr'>Sed</span> <span class='ocrx_word' id='word_1_22' title='bbox 662 393 868 455; x_wconf 84' lang='lat' dir='ltr'>quoniam</span> <span class='ocrx_word' id='word_1_23' title='bbox 893 391 1041 437; x_wconf 87' lang='lat' dir='ltr'>divino</span> <span class='ocrx_word' id='word_1_24' title='bbox 1069 392 1254 455; x_wconf 77' lang='lat' dir='ltr'>Spiritu,</span> <span class='ocrx_word' id='word_1_25' title='bbox 1281 392 1357 455; x_wconf 88' lang='lat' dir='ltr'>qui</span> <span class='ocrx_word' id='word_1_26' title='bbox 1382 391 1520 437; x_wconf 85' lang='lat' dir='ltr'>multo</span> <span class='ocrx_word' id='word_1_27' title='bbox 1539 408 1634 436; x_wconf 85' lang='lat' dir='ltr'>me-</span> 
     </span>
     <span class='ocr_line' id='line_1_5' title="bbox 258 460 1632 526; baseline -0.002 -18"><span class='ocrx_word' id='word_1_28' title='bbox 258 463 341 508; x_wconf 79' lang='lat' dir='ltr'>lius</span> <span class='ocrx_word' id='word_1_29' title='bbox 366 480 498 526; x_wconf 78' lang='lat' dir='ltr'>quam</span> <span class='ocrx_word' id='word_1_30' title='bbox 514 479 591 507; x_wconf 88' lang='lat' dir='ltr'>nos</span> <span class='ocrx_word' id='word_1_31' title='bbox 612 462 757 507; x_wconf 84' lang='lat' dir='ltr'>onmia</span> <span class='ocrx_word' id='word_1_32' title='bbox 780 461 941 521; x_wconf 82' lang='lat' dir='ltr'>generis</span> <span class='ocrx_word' id='word_1_33' title='bbox 960 461 1145 506; x_wconf 80' lang='lat' dir='ltr'>humani</span> <span class='ocrx_word' id='word_1_34' title='bbox 1164 462 1284 507; x_wconf 80' lang='lat' dir='ltr'>novit</span> <span class='ocrx_word' id='word_1_35' title='bbox 1307 460 1375 507; x_wconf 88' lang='lat' dir='ltr'>vel</span> <span class='ocrx_word' id='word_1_36' title='bbox 1393 461 1632 523; x_wconf 74' lang='lat' dir='ltr'>praeterita,</span> 
     </span>
     <span class='ocr_line' id='line_1_6' title="bbox 258 530 1637 595; baseline -0.002 -17"><span class='ocrx_word' id='word_1_37' title='bbox 258 533 324 578; x_wconf 85' lang='lat' dir='ltr'>vel</span> <span class='ocrx_word' id='word_1_38' title='bbox 345 532 573 595; x_wconf 81' lang='lat' dir='ltr'>praesentia</span> <span class='ocrx_word' id='word_1_39' title='bbox 592 569 602 588; x_wconf 87' lang='lat'>,</span> <span class='ocrx_word' id='word_1_40' title='bbox 630 532 697 578; x_wconf 83' lang='lat' dir='ltr'>vel</span> <span class='ocrx_word' id='word_1_41' title='bbox 718 532 892 584; x_wconf 76' lang='lat' dir='ltr'>futura,</span> <span class='ocrx_word' id='word_1_42' title='bbox 928 530 1020 576; x_wconf 78' lang='lat' dir='ltr'>talis</span> <span class='ocrx_word' id='word_1_43' title='bbox 1039 531 1127 576; x_wconf 84' lang='lat' dir='ltr'>vita</span> <span class='ocrx_word' id='word_1_44' title='bbox 1152 532 1345 576; x_wconf 83' lang='lat' dir='ltr'>humana</span> <span class='ocrx_word' id='word_1_45' title='bbox 1369 530 1637 594; x_wconf 83' lang='lat' dir='ltr'>praecognita</span> 
     </span>
     <span class='ocr_line' id='line_1_7' title="bbox 261 600 1636 665; baseline -0.002 -17"><span class='ocrx_word' id='word_1_46' title='bbox 261 613 390 665; x_wconf 80' lang='lat' dir='ltr'><strong>atque</strong></span> <span class='ocrx_word' id='word_1_47' title='bbox 417 601 632 665; x_wconf 84' lang='lat' dir='ltr'>praedicta</span> <span class='ocrx_word' id='word_1_48' title='bbox 654 613 715 647; x_wconf 80' lang='lat' dir='ltr'>est</span> <span class='ocrx_word' id='word_1_49' title='bbox 734 639 744 657; x_wconf 84' lang='lat'>,</span> <span class='ocrx_word' id='word_1_50' title='bbox 766 612 814 646; x_wconf 81' lang='lat' dir='ltr'>ut</span> <span class='ocrx_word' id='word_1_51' title='bbox 840 605 927 645; x_wconf 83' lang='lat' dir='ltr'>non</span> <span class='ocrx_word' id='word_1_52' title='bbox 942 601 1205 660; x_wconf 82' lang='lat' dir='ltr'>justificetur</span> <span class='ocrx_word' id='word_1_53' title='bbox 1227 601 1270 645; x_wconf 91' lang='lat' dir='ltr'>in</span> <span class='ocrx_word' id='word_1_54' title='bbox 1300 611 1538 662; x_wconf 82' lang='lat' dir='ltr'>conspectu</span> <span class='ocrx_word' id='word_1_55' title='bbox 1556 600 1636 645; x_wconf 79' lang='lat' dir='ltr'>Dei</span> 
     </span>
     <span class='ocr_line' id='line_1_8' title="bbox 255 671 1637 735; baseline -0.003 -16"><span class='ocrx_word' id='word_1_56' title='bbox 255 673 394 719; x_wconf 85' lang='lat' dir='ltr'>omnis</span> <span class='ocrx_word' id='word_1_57' title='bbox 411 673 557 720; x_wconf 83' lang='lat' dir='ltr'>vivens</span> <span class='ocrx_word' id='word_1_58' title='bbox 571 674 588 701; x_wconf 79' lang='lat'><strong>2</strong></span> <span class='ocrx_word' id='word_1_59' title='bbox 604 693 615 726; x_wconf 80' lang='lat'><em>3</em></span> <span class='ocrx_word' id='word_1_60' title='bbox 631 673 680 717; x_wconf 84' lang='lat' dir='ltr'>fit</span> <span class='ocrx_word' id='word_1_61' title='bbox 698 683 745 718; x_wconf 80' lang='lat' dir='ltr'>ut</span> <span class='ocrx_word' id='word_1_62' title='bbox 759 671 1136 735; x_wconf 57' lang='lat' dir='ltr'>perfignorantiam</span> <span class='ocrx_word' id='word_1_63' title='bbox 1157 671 1224 718; x_wconf 82' lang='lat' dir='ltr'>vel</span> <span class='ocrx_word' id='word_1_64' title='bbox 1239 671 1533 717; x_wconf 84' lang='lat' dir='ltr'>infirmitatem</span> <span class='ocrx_word' id='word_1_65' title='bbox 1549 687 1637 715; x_wconf 90' lang='lat' dir='ltr'>non</span> 
     </span>
     <span class='ocr_line' id='line_1_9' title="bbox 262 740 1637 796; baseline -0.002 -8"><span class='ocrx_word' id='word_1_66' title='bbox 262 743 410 788; x_wconf 77' lang='lat' dir='ltr'>exertis</span> <span class='ocrx_word' id='word_1_67' title='bbox 455 742 657 788; x_wconf 82' lang='lat' dir='ltr'>adversus</span> <span class='ocrx_word' id='word_1_68' title='bbox 686 760 781 788; x_wconf 82' lang='lat' dir='ltr'>eam</span> <span class='ocrx_word' id='word_1_69' title='bbox 816 742 912 786; x_wconf 79' lang='lat' dir='ltr'>totis</span> <span class='ocrx_word' id='word_1_70' title='bbox 935 741 1100 787; x_wconf 85' lang='lat' dir='ltr'>viribus</span> <span class='ocrx_word' id='word_1_71' title='bbox 1135 741 1397 796; x_wconf 79' lang='lat' dir='ltr'>voluntatis,</span> <span class='ocrx_word' id='word_1_72' title='bbox 1424 741 1561 786; x_wconf 84' lang='lat' dir='ltr'>eidem</span> <span class='ocrx_word' id='word_1_73' title='bbox 1584 740 1637 785; x_wconf 80' lang='lat' dir='ltr'>ad</span> 
     </span>
     <span class='ocr_line' id='line_1_10' title="bbox 262 811 1636 870; baseline -0.001 -14"><span class='ocrx_word' id='word_1_74' title='bbox 262 812 413 857; x_wconf 82' lang='lat' dir='ltr'>illicita</span> <span class='ocrx_word' id='word_1_75' title='bbox 439 813 566 857; x_wconf 83' lang='lat' dir='ltr'>etiam</span> <span class='ocrx_word' id='word_1_76' title='bbox 593 812 803 857; x_wconf 78' lang='lat' dir='ltr'>nonnulla</span> <span class='ocrx_word' id='word_1_77' title='bbox 828 811 1053 867; x_wconf 78' lang='lat' dir='ltr'><strong>cedamus,</strong></span> <span class='ocrx_word' id='word_1_78' title='bbox 1085 822 1204 857; x_wconf 82' lang='lat' dir='ltr'>tanto</span> <span class='ocrx_word' id='word_1_79' title='bbox 1228 811 1361 870; x_wconf 81' lang='lat' dir='ltr'>magis</span> <span class='ocrx_word' id='word_1_80' title='bbox 1378 822 1421 857; x_wconf 86' lang='lat' dir='ltr'>et</span> <span class='ocrx_word' id='word_1_81' title='bbox 1440 811 1636 856; x_wconf 81' lang='lat' dir='ltr'>crebrius</span> 
     </span>
     <span class='ocr_line' id='line_1_11' title="bbox 261 880 1638 944; baseline -0.001 -17"><span class='ocrx_word' id='word_1_82' title='bbox 261 893 424 944; x_wconf 80' lang='lat' dir='ltr'>quanto</span> <span class='ocrx_word' id='word_1_83' title='bbox 443 882 676 927; x_wconf 78' lang='lat' dir='ltr'>deteriores</span> <span class='ocrx_word' id='word_1_84' title='bbox 697 919 707 938; x_wconf 83' lang='lat'><strong><em>‚</em></strong></span> <span class='ocrx_word' id='word_1_85' title='bbox 733 893 851 927; x_wconf 70' lang='lat' dir='ltr'>tanto</span> <span class='ocrx_word' id='word_1_86' title='bbox 873 881 1015 927; x_wconf 87' lang='lat' dir='ltr'>minus</span> <span class='ocrx_word' id='word_1_87' title='bbox 1037 893 1078 927; x_wconf 87' lang='lat' dir='ltr'>et</span> <span class='ocrx_word' id='word_1_88' title='bbox 1103 882 1239 928; x_wconf 80' lang='lat' dir='ltr'>rarius</span> <span class='ocrx_word' id='word_1_89' title='bbox 1256 892 1420 944; x_wconf 79' lang='lat' dir='ltr'>quanto</span> <span class='ocrx_word' id='word_1_90' title='bbox 1443 880 1638 926; x_wconf 84' lang='lat' dir='ltr'>meliores</span> 
     </span>
     <span class='ocr_line' id='line_1_12' title="bbox 263 951 1634 1015; baseline -0.001 -18"><span class='ocrx_word' id='word_1_91' title='bbox 263 969 423 999; x_wconf 69' lang='lat' dir='ltr'>sumus⁶</span> <span class='ocrx_word' id='word_1_92' title='bbox 452 952 536 997; x_wconf 82' lang='lat' dir='ltr'>Sed</span> <span class='ocrx_word' id='word_1_93' title='bbox 559 952 767 1015; x_wconf 77' lang='lat' dir='ltr'>quoniam</span> <span class='ocrx_word' id='word_1_94' title='bbox 796 951 950 997; x_wconf 78' lang='lat' dir='ltr'>dehac</span> <span class='ocrx_word' id='word_1_95' title='bbox 974 952 1214 1014; x_wconf 62' lang='lat' dir='ltr'>quaestione</span> <span class='ocrx_word' id='word_1_96' title='bbox 1237 952 1282 996; x_wconf 91' lang='lat' dir='ltr'>in</span> <span class='ocrx_word' id='word_1_97' title='bbox 1301 968 1386 1013; x_wconf 83' lang='lat' dir='ltr'>qua</span> <span class='ocrx_word' id='word_1_98' title='bbox 1404 951 1634 1013; x_wconf 72' lang='lat' dir='ltr'>quaeritur,</span> 
     </span>
     <span class='ocr_line' id='line_1_13' title="bbox 263 1020 1638 1086; baseline -0.002 -18"><span class='ocrx_word' id='word_1_99' title='bbox 263 1033 410 1068; x_wconf 82' lang='lat' dir='ltr'><strong>utrum</strong></span> <span class='ocrx_word' id='word_1_100' title='bbox 432 1023 589 1086; x_wconf 82' lang='lat' dir='ltr'>possit,</span> <span class='ocrx_word' id='word_1_101' title='bbox 615 1022 683 1068; x_wconf 85' lang='lat' dir='ltr'>vel</span> <span class='ocrx_word' id='word_1_102' title='bbox 709 1033 857 1067; x_wconf 87' lang='lat' dir='ltr'><strong>utrum</strong></span> <span class='ocrx_word' id='word_1_103' title='bbox 891 1022 946 1067; x_wconf 78' lang='lat' dir='ltr'>sit</span> <span class='ocrx_word' id='word_1_104' title='bbox 962 1058 972 1078; x_wconf 73' lang='lat'><strong><em>⁷</em></strong></span> <span class='ocrx_word' id='word_1_105' title='bbox 995 1021 1125 1067; x_wconf 80' lang='lat' dir='ltr'>fuerit</span> <span class='ocrx_word' id='word_1_106' title='bbox 1142 1059 1152 1077; x_wconf 79' lang='lat'>‚</span> <span class='ocrx_word' id='word_1_107' title='bbox 1173 1021 1399 1067; x_wconf 79' lang='lat' dir='ltr'>futurusve</span> <span class='ocrx_word' id='word_1_108' title='bbox 1423 1021 1477 1065; x_wconf 85' lang='lat' dir='ltr'>sit</span> <span class='ocrx_word' id='word_1_109' title='bbox 1504 1020 1638 1066; x_wconf 89' lang='lat' dir='ltr'>homo</span> 
     </span>
     <span class='ocr_line' id='line_1_14' title="bbox 264 1091 1638 1156; baseline -0.001 -19"><span class='ocrx_word' id='word_1_110' title='bbox 264 1093 351 1138; x_wconf 78' lang='lat' dir='ltr'>sine</span> <span class='ocrx_word' id='word_1_111' title='bbox 372 1104 555 1156; x_wconf 80' lang='lat' dir='ltr'>peccato</span> <span class='ocrx_word' id='word_1_112' title='bbox 577 1094 622 1138; x_wconf 89' lang='lat' dir='ltr'>in</span> <span class='ocrx_word' id='word_1_113' title='bbox 650 1092 735 1138; x_wconf 86' lang='lat' dir='ltr'>hae</span> <span class='ocrx_word' id='word_1_114' title='bbox 765 1093 853 1139; x_wconf 81' lang='lat' dir='ltr'>vita</span> <span class='ocrx_word' id='word_1_115' title='bbox 870 1129 881 1148; x_wconf 81' lang='grc'>,</span> <span class='ocrx_word' id='word_1_116' title='bbox 911 1102 1089 1155; x_wconf 73' lang='lat' dir='ltr'>excepto</span> <span class='ocrx_word' id='word_1_117' title='bbox 1112 1092 1185 1137; x_wconf 89' lang='lat' dir='ltr'>illo</span> <span class='ocrx_word' id='word_1_118' title='bbox 1216 1092 1291 1155; x_wconf 86' lang='lat' dir='ltr'>qui</span> <span class='ocrx_word' id='word_1_119' title='bbox 1317 1091 1424 1136; x_wconf 47' lang='lat' dir='ltr'>dixit</span> <span class='ocrx_word' id='word_1_120' title='bbox 1443 1127 1454 1147; x_wconf 81' lang='lat'><strong>,</strong></span> <span class='ocrx_word' id='word_1_121' title='bbox 1486 1112 1506 1132; x_wconf 85' lang='lat'>«</span> <span class='ocrx_word' id='word_1_122' title='bbox 1526 1091 1638 1136; x_wconf 83' lang='lat' dir='ltr'>Ecce</span> 
     </span>
     <span class='ocr_line' id='line_1_15' title="bbox 263 1159 1638 1226; baseline -0.003 -18"><span class='ocrx_word' id='word_1_123' title='bbox 263 1183 284 1204; x_wconf 73' lang='lat'>&gt;2</span> <span class='ocrx_word' id='word_1_124' title='bbox 303 1164 419 1209; x_wconf 83' lang='lat' dir='ltr'>venit</span> <span class='ocrx_word' id='word_1_125' title='bbox 436 1163 639 1226; x_wconf 83' lang='lat' dir='ltr'>princeps</span> <span class='ocrx_word' id='word_1_126' title='bbox 670 1162 824 1208; x_wconf 87' lang='lat' dir='ltr'>mundi</span> <span class='ocrx_word' id='word_1_127' title='bbox 846 1200 856 1218; x_wconf 83' lang='lat'>‚</span> <span class='ocrx_word' id='word_1_128' title='bbox 872 1173 913 1207; x_wconf 81' lang='lat' dir='ltr'>et</span> <span class='ocrx_word' id='word_1_129' title='bbox 936 1163 980 1207; x_wconf 90' lang='lat' dir='ltr'>in</span> <span class='ocrx_word' id='word_1_130' title='bbox 1017 1179 1084 1207; x_wconf 81' lang='lat' dir='ltr'>me</span> <span class='ocrx_word' id='word_1_131' title='bbox 1108 1162 1221 1207; x_wconf 87' lang='lat' dir='ltr'>nihil</span> <span class='ocrx_word' id='word_1_132' title='bbox 1245 1161 1480 1216; x_wconf 76' lang='lat' dir='ltr'>inveniet³‚</span> <span class='ocrx_word' id='word_1_133' title='bbox 1506 1182 1526 1202; x_wconf 86' lang='lat'>»</span> <span class='ocrx_word' id='word_1_134' title='bbox 1557 1159 1638 1205; x_wconf 85' lang='lat' dir='ltr'>ali-</span> 
     </span>
     <span class='ocr_line' id='line_1_16' title="bbox 265 1231 1638 1295; baseline -0.001 -18"><span class='ocrx_word' id='word_1_135' title='bbox 265 1244 430 1295; x_wconf 77' lang='lat' dir='ltr'>quanto</span> <span class='ocrx_word' id='word_1_136' title='bbox 455 1233 702 1292; x_wconf 76' lang='lat' dir='ltr'>diligentius</span> <span class='ocrx_word' id='word_1_137' title='bbox 726 1232 1022 1278; x_wconf 77' lang='lat' dir='ltr'>disserendum</span> <span class='ocrx_word' id='word_1_138' title='bbox 1056 1244 1141 1287; x_wconf 82' lang='lat' dir='ltr'>est,</span> <span class='ocrx_word' id='word_1_139' title='bbox 1171 1233 1248 1278; x_wconf 86' lang='lat' dir='ltr'>iste</span> <span class='ocrx_word' id='word_1_140' title='bbox 1271 1232 1325 1277; x_wconf 83' lang='lat' dir='ltr'>sit</span> <span class='ocrx_word' id='word_1_141' title='bbox 1352 1232 1483 1291; x_wconf 84' lang='lat' dir='ltr'>hujus</span> <span class='ocrx_word' id='word_1_142' title='bbox 1510 1231 1638 1278; x_wconf 88' lang='lat' dir='ltr'>volu-</span> 
     </span>
     <span class='ocr_line' id='line_1_17' title="bbox 263 1301 1436 1365; baseline 0 -18"><span class='ocrx_word' id='word_1_143' title='bbox 263 1303 390 1348; x_wconf 85' lang='lat' dir='ltr'>minis</span> <span class='ocrx_word' id='word_1_144' title='bbox 409 1303 581 1359; x_wconf 74' lang='lat' dir='ltr'>modus,</span> <span class='ocrx_word' id='word_1_145' title='bbox 607 1314 653 1349; x_wconf 89' lang='lat' dir='ltr'>ut</span> <span class='ocrx_word' id='word_1_146' title='bbox 669 1302 778 1348; x_wconf 87' lang='lat' dir='ltr'>illud</span> <span class='ocrx_word' id='word_1_147' title='bbox 801 1303 856 1348; x_wconf 83' lang='lat' dir='ltr'>ab</span> <span class='ocrx_word' id='word_1_148' title='bbox 873 1303 955 1349; x_wconf 80' lang='lat' dir='ltr'>alio</span> <span class='ocrx_word' id='word_1_149' title='bbox 979 1319 1225 1365; x_wconf 77' lang='lat' dir='ltr'>quaeramus</span> <span class='ocrx_word' id='word_1_150' title='bbox 1248 1301 1436 1348; x_wconf 79' lang='lat' dir='ltr'>exordio.</span> 
     </span>
    </p>
   </div>
   <div class='ocr_carea' id='block_1_3' title="bbox 312 1389 1306 1433">
    <p class='ocr_par' dir='ltr' id='par_1_3' title="bbox 312 1389 1306 1433">
     <span class='ocr_line' id='line_1_18' title="bbox 312 1389 1306 1433; baseline 0.002 -11"><span class='ocrx_word' id='word_1_151' title='bbox 312 1392 322 1413; x_wconf 83' lang='lat'><strong>¹</strong></span> <span class='ocrx_word' id='word_1_152' title='bbox 345 1403 355 1421; x_wconf 86' lang='lat'>1</span> <span class='ocrx_word' id='word_1_153' title='bbox 378 1393 455 1423; x_wconf 83' lang='lat' dir='ltr'>Cor.</span> <span class='ocrx_word' id='word_1_154' title='bbox 471 1403 516 1430; x_wconf 74' lang='lat' dir='ltr'>ix,</span> <span class='ocrx_word' id='word_1_155' title='bbox 537 1404 592 1432; x_wconf 85' lang='lat'>27.</span> <span class='ocrx_word' id='word_1_156' title='bbox 612 1409 657 1415; x_wconf 92' lang='lat'>—</span> <span class='ocrx_word' id='word_1_157' title='bbox 675 1390 691 1413; x_wconf 84' lang='lat'><strong>2</strong></span> <span class='ocrx_word' id='word_1_158' title='bbox 704 1392 783 1424; x_wconf 79' lang='lat' dir='ltr'>Psal.</span> <span class='ocrx_word' id='word_1_159' title='bbox 803 1403 901 1433; x_wconf 67' lang='lat' dir='ltr'>cxnn,</span> <span class='ocrx_word' id='word_1_160' title='bbox 924 1403 955 1424; x_wconf 78' lang='lat'>2.</span> <span class='ocrx_word' id='word_1_161' title='bbox 973 1410 1017 1415; x_wconf 89' lang='lat'><strong>—</strong></span> <span class='ocrx_word' id='word_1_162' title='bbox 1030 1389 1044 1413; x_wconf 82' lang='lat'>3</span> <span class='ocrx_word' id='word_1_163' title='bbox 1061 1394 1237 1430; x_wconf 80' lang='lat' dir='ltr'>Joan.x1v‚</span> <span class='ocrx_word' id='word_1_164' title='bbox 1253 1393 1306 1424; x_wconf 80' lang='lat'>30.</span> 
     </span>
    </p>
   </div>
   <div class='ocr_carea' id='block_1_4' title="bbox 829 1853 1078 1870">
    <p class='ocr_par' dir='ltr' id='par_1_4' title="bbox 829 1853 1078 1870">
     <span class='ocr_line' id='line_1_19' title="bbox 829 1853 1078 1870; baseline -0.008 -2"><span class='ocrx_word' id='word_1_165' title='bbox 829 1853 1078 1870; x_wconf 41' lang='lat'>⁴05?—</span> 
     </span>
    </p>
   </div>
  </div>
 </body>
</html>
