1763 2838
238 164 295 197 DE
331 162 512 196 NATURA
546 162 600 195 ET
636 161 821 206 GRATIA,
861 162 1039 198 coNTRA
1074 162 1315 198 PELAGIUM.
1397 148 1493 200 521³

116 240 277 296 potest,
298 229 559 277 diffunditur
580 229 624 274 in
644 230 854 276 cordibus
871 231 1026 277 nostris
1042 249 1119 296 per
1140 232 1355 296 Spiritum
1370 249 1493 280 sanc-

116 313 210 347 tum
226 339 236 358 ‚
258 303 334 365 qni
355 301 480 347 datus
505 311 564 345 est
587 300 758 347 11obis1.
795 301 946 347 Melius
966 303 1112 366 itaque
1132 303 1213 348 Dei
1237 320 1365 349 causa
1397 303 1492 364 agi-

108 386 208 431 tur,
240 377 402 438 (quam
420 393 460 420 se
486 375 562 420 iste
578 373 742 433 agendo
767 374 876 420 dicit
888 374 1107 421 defensare
1130 377 1494 437 nat111·am‚)cum

108 457 150 492 et
173 457 340 492 creator
351 457 391 491 et
415 446 601 492 salvator
626 446 888 504 agnoscitur,
913 463 1044 508 quam
1061 463 1164 492 cum
1183 446 1353 492 defensa
1372 447 1491 492 velut

108 534 210 563 sana
222 517 473 579 x‘iribusque
496 515 668 575 integris
685 527 879 562 creatura
895 516 1126 579 opitulatio
1146 516 1382 564 Salvatoris
1401 517 1494 563 ina-

108 587 242 633 nitur.

176 659 228 703 L.
251 657 444 703 Verbum
463 668 523 703 est
552 668 695 703 autem
715 656 836 720 quod
857 657 916 702 ait
933 694 943 712 ,
971 679 991 699 α
1014 657 1146 715 Quod
1171 659 1284 704 Deus
1304 668 1392 703 tam
1411 657 1491 703 bo-

109 743 194 773 nus
216 744 346 791 quani
362 732 504 787 justus
526 728 652 773 talem
671 728 892 773 hominem
915 727 1080 784 fecerit,
1096 729 1170 790 qui
1192 728 1362 791 peccati
1379 728 1494 774 malo

112 815 256 843 carere
277 798 490 844 sussieeret
506 835 516 853 ‚
542 798 615 843 sed
642 798 675 843 si
700 798 905 843 voluisset
926 816 936 843 :
962 819 982 840 >2
1004 798 1114 855 Quis
1137 799 1251 843 enim
1271 815 1369 843 eum
1392 814 1492 842 nes-

110 868 170 913 cit
194 885 345 913 sanum
365 879 406 913 et
428 868 745 931 inculpabilem
768 868 933 913 factum
951 906 961 924 ,
982 879 1024 914 et
1045 867 1185 914 libero
1216 867 1396 913 arbitrio
1422 878 1492 912 at-

108 955 194 1001 que
219 939 273 984 ad
292 943 408 997 juste
432 939 666 985 vivendum
686 949 896 1002 potestate
916 939 1053 985 libera
1071 939 1388 984 constitutum?
1408 937 1495 983 Sed

108 1025 226 1053 nune
253 1009 306 1053 de
328 1009 403 1054 illo
425 1009 592 1068 agitur,
615 1026 746 1072 quem
766 1010 1023 1056 semivivum
1050 1010 1236 1055 latrones
1255 1009 1302 1054 in
1329 1009 1397 1054 via
1421 1026 1493 1053 re-

108 1077 332 1142 liquerunt
346 1080 383 1135 2,
404 1080 480 1142 qui
499 1080 703 1139 gravibus
718 1081 890 1126 saucius
908 1081 1216 1144 confossusque
1239 1079 1495 1125 vulneribus

107 1150 273 1195 nonita
296 1161 440 1213 potest
465 1150 517 1195 ad
535 1151 717 1210 justitiae
741 1151 914 1196 eulmen
939 1151 1185 1205 ascendere,
1213 1150 1326 1196 sicut
1348 1148 1496 1213 potuit

106 1220 208 1288 inde
227 1221 514 1267 descendere:
538 1222 613 1284 qui
633 1223 759 1266 etiam
788 1223 821 1267 si
846 1224 1003 1281 jamin
1030 1221 1200 1267 stabulo
1221 1232 1312 1276 est,
1345 1220 1494 1265 adhuc

108 1301 302 1338 curatur.
324 1292 567 1351 Nonigitur
586 1292 700 1336 Deus
723 1292 1152 1354 impossibiliajubet
1176 1309 1186 1336 ε
1210 1289 1493 1350 sedjubendo

110 1360 332 1417 admonet,
360 1372 401 1406 et
423 1361 562 1407 facere
587 1361 706 1423 quod
733 1363 869 1424 possis
885 1399 895 1416 ‚
923 1373 964 1406 et
980 1373 1126 1424 petere
1146 1361 1265 1424 quod
1291 1378 1378 1405 non
1395 1377 1495 1422 pos-

107 1431 177 1476 sis.
217 1431 312 1476 Jam
346 1448 465 1476 nunc
497 1431 721 1476 videamus
748 1431 863 1476 unde
885 1433 1021 1493 possit
1043 1468 1053 1485 ,
1084 1431 1198 1476 unde
1222 1448 1308 1475 non
1338 1429 1486 1492 possit.

109 1501 194 1545 Iste
219 1500 357 1546 dicit:
387 1522 406 1542 <‹
428 1501 660 1546 Voluntate
691 1518 777 1545 non
815 1512 877 1546 est
898 1538 908 1557 ,
945 1501 1065 1564 quod
1105 1512 1259 1546 natura
1284 1510 1442 1563 potest.
1464 1521 1479 1538 »

109 1571 201 1628 Ego
236 1570 365 1625 dico,
408 1570 643 1616 voluntate
668 1570 845 1633 quidem
880 1588 969 1616 non
1005 1581 1066 1616 est
1090 1572 1224 1617 homo
1253 1574 1423 1629 justus,
1459 1568 1496 1614 si

108 1650 265 1685 natura
304 1651 446 1703 potest
473 1658 483 1685 ε
514 1640 588 1686 sed
626 1640 844 1686 medicina
871 1642 1065 1704 poterit,
1115 1640 1233 1704 quod
1262 1640 1368 1687 vitio
1406 1655 1495 1684 non

109 1721 267 1772 potest.

177 1781 251 1827 LI.
285 1781 405 1837 Quid
439 1798 538 1841 ergo
559 1785 648 1841 jam
685 1797 796 1843 opus
834 1792 895 1826 est
925 1781 969 1826 in
999 1781 1201 1843 pluribus
1234 1778 1492 1826 immorari?

111 1850 345 1896 Veniamus
383 1853 562 1897 interius
600 1851 847 1896 adcausam
870 1888 880 1907 ,
919 1869 1052 1914 quam
1086 1852 1129 1896 in
1167 1851 1253 1896 hac
1284 1851 1495 1895 duntaxat

109 1922 348 1985 quaestione
369 1922 437 1967 vel
456 1922 592 1967 solam
609 1958 620 1975 ‚
647 1921 712 1966 vel
736 1938 846 1983 peno
864 1921 998 1966 solam
1017 1937 1118 1965 eum
1143 1921 1232 1965 istis
1255 1921 1485 1967 habemus.

113 1993 236 2037 Sicut
255 1992 369 2036 enim
388 1993 479 2054 ipse
493 1991 601 2036 dicit
622 2009 631 2035 ε
657 2012 676 2031 «
697 1990 764 2035 Ad
783 1991 902 2053 quod
926 2007 1043 2035 nunc
1066 1991 1152 2049 agit
1171 2007 1258 2035 non
1278 1990 1494 2053 pertinere

111 2073 160 2106 ut
181 2072 406 2124 quaeratur
423 2099 433 2117 ‚
462 2072 610 2106 utrum
634 2061 821 2115 fuerint,
848 2060 915 2106 vel
947 2062 1031 2106 sint
1068 2060 1203 2123 aliqui
1227 2060 1425 2105 homines
1447 2061 1493 2106 in

110 2132 196 2178 hac
224 2132 313 2179 vita
354 2134 443 2178 sine
473 2143 654 2196 peccato
677 2168 688 2187 ,
730 2131 802 2177 sed
831 2143 979 2177 utrum
1017 2149 1103 2176 esso
1126 2131 1380 2194 potuerint,
1408 2131 1496 2178 sive

110 2203 278 2266 possint
301 2221 310 2248 :
330 2226 343 2243 »
372 2204 431 2249 ita
452 2221 550 2263 ergo
573 2203 737 2248 etiamsi
762 2203 888 2247 fuisse
904 2202 1065 2247 velesse
1080 2202 1495 2253 consentiani,nullo

112 2273 244 2318 modo
270 2284 413 2319 tamen
430 2274 623 2336 potuisse
646 2273 714 2317 vel
740 2290 862 2335 posse
887 2274 1118 2327 confirmo,
1144 2272 1496 2331 nisijustiiicatos

113 2344 248 2403 gratia
273 2344 352 2388 Dei
386 2361 462 2406 per
500 2348 646 2389 Jesum
681 2343 907 2389 Christum
951 2344 1190 2388 Dominum
1228 2353 1424 2388 nostrum
1455 2354 1497 2388 et

111 2413 234 2460 hunc
248 2414 518 2460 crucifixum.
551 2415 612 2458 Ea
630 2413 796 2477 quippe
813 2414 920 2460 sides
928 2417 1068 2474 justos
1089 2412 1254 2459 sanavit
1275 2412 1492 2475 antiquos,

163 2496 173 2518 ¹
192 2499 284 2527 Rom.
303 2508 335 2539 v,
353 2497 385 2530 5.
406 2513 449 2519 —-
467 2494 481 2517 2
502 2499 572 2528 Luc.
593 2507 626 2538 x,
645 2498 699 2529 30.
