1763 2838
258 178 321 234 44
679 193 713 221 s.
761 189 1001 222 Aueusrrm
1037 191 1243 223 EP1scoP1

590 348 823 391 SECUNDI
856 349 967 391 DIEI
1001 349 1291 393 COLLATIO.

321 500 355 546 l.
398 500 550 546 ano
588 500 710 557 loco,
745 517 845 546 cum
881 500 950 546 die
980 500 1220 546 intermisso
1255 499 1310 545 ad
1343 510 1634 547 memoratum

256 569 401 615 locuni
416 606 427 625 ,
451 569 564 616 sicut
579 571 804 634 placuerat
827 582 866 616 et
887 572 1172 616 constitutum
1187 570 1328 616 fuerat
1343 606 1354 625 ‚
1379 570 1634 616 convenire-

257 649 346 695 tur,
372 640 532 686 obtulit
546 659 788 687 consessum
808 642 964 687 iteruin
988 642 1215 701 Cognitor,
1241 641 1480 704 deprecans
1499 651 1547 686 ut
1562 641 1637 686 fie-

257 719 336 755 ret.
377 710 433 755 Et
469 728 567 755 mox
606 711 827 756 Catholici
868 711 1155 757 consederunt
1178 729 1187 756 :
1216 711 1458 756 Donatistae
1493 721 1637 757 autem

259 793 581 829 recusaverunt.
616 784 668 828 In
693 800 775 846 qua
801 784 1069 828 recusatione
1095 784 1205 829 inter
1226 794 1379 828 caetera
1399 782 1443 827 id
1463 799 1638 846 quoque

262 850 485 909 dixerunt,
515 853 634 917 quod
668 855 878 918 scriptum
917 855 999 899 sibi
1021 865 1126 900 esset
1149 872 1249 900 cum
1278 854 1436 900 talibus
1456 871 1544 899 non
1579 870 1640 899 se-

260 921 400 969 dere1.
429 923 495 968 Ad
511 924 596 969 hoc
614 925 859 979 Catholici,
887 942 939 969 ne
964 943 1096 970 niorae
1120 926 1269 970 fierent
1284 963 1294 974 ,
1321 936 1422 970 tunc
1441 942 1528 970 non
1546 941 1637 970 res-

261 991 513 1054 ponderunt
530 1031 540 1046 ‚
559 993 631 1039 sed
649 996 964 1057 opportuniore
977 995 1071 1041 loco
1084 996 1128 1041 in
1143 996 1258 1041 tertii
1274 995 1358 1040 diei
1377 995 1631 1040 Collatione.

263 1062 390 1107 Tunc
410 1080 509 1123 ergo
528 1064 655 1108 etiam
677 1066 768 1127 ipse
789 1065 997 1124 Cognitor
1028 1065 1180 1110 stando
1200 1083 1240 1111 se
1261 1065 1537 1125 cogniturum
1554 1080 1642 1110 esse

259 1132 497 1194 respondit.

326 1203 384 1248 ΙΙ.
424 1203 625 1249 Secundo
656 1204 752 1250 loco
785 1205 965 1250 recitata
1001 1216 1063 1250 est
1102 1205 1294 1257 notaria,
1334 1222 1466 1268 quam
1501 1204 1643 1268 pridie

262 1271 472 1318 dederant
487 1311 499 1329 ,
524 1284 718 1337 petentes
737 1286 785 1320 ut
808 1276 890 1320 sibi
908 1275 1162 1321 mandatum
1185 1276 1519 1321 Catholicorum
1537 1275 1642 1321 ede·-

262 1353 397 1391 retur,
415 1361 504 1407 quo
528 1345 797 1391 considerato
816 1383 825 1396 ,
857 1358 1032 1409 possent
1056 1346 1101 1391 in
1129 1347 1241 1391 diem
1269 1347 1553 1392 constitutum
1572 1346 1644 1391 in-

262 1415 415 1460 structi
452 1415 618 1471 adesse,
656 1433 706 1462 eo
741 1416 861 1480 quod
898 1427 1141 1480 exceptores
1181 1434 1281 1462 cum
1319 1416 1644 1480 conscriptione

258 1496 474 1543 gestorum
496 1503 723 1532 occurrere
736 1504 825 1532 non
845 1487 1035 1533 valerent
1057 1505 1067 1531 :
1093 1499 1134 1533 et
1155 1489 1376 1551 responsio
1393 1487 1642 1548 Cognitoris

261 1554 307 1599 in
332 1556 480 1601 eadem
506 1558 718 1612 notaria2,
748 1558 971 1621 quajussit
995 1558 1086 1603 fieri
1105 1558 1224 1621 quod
1240 1559 1464 1621 petebant.

327 1627 410 1672 Ill.
456 1628 601 1673 Tertio
626 1628 722 1673 loco
757 1645 856 1673 cuni
883 1628 1105 1690 quaesisset
1135 1628 1361 1688 Cognitor‚
1384 1628 1491 1692 quid
1516 1628 1645 1674 etiam

261 1694 315 1740 de
338 1697 735 1760 subscriptionibus
753 1698 1078 1761 responderent,
1107 1697 1152 1743 id
1178 1708 1255 1753 est,
1288 1709 1436 1744 utrum
1462 1698 1521 1744 eis
1544 1698 1645 1762 pla·-

263 1778 376 1812 ceret
399 1768 518 1830 quod
552 1768 692 1813 edicto
726 1779 1015 1832 proposuerat
1033 1806 1043 1824 ,
1073 1779 1121 1813 ut
1156 1770 1536 1832 prosecutionibus
1560 1769 1646 1815 suis

261 1836 446 1900 quisque
469 1838 760 1884 subscriberet
784 1856 794 1883 ε
823 1849 864 1884 et
884 1838 1206 1902 respondissent
1224 1839 1469 1894 Catholici,
1492 1843 1583 1899 jam
1603 1857 1645 1886 se

262 1905 308 1950 in
326 1906 411 1953 hoc
430 1925 685 1954 consensum
706 1926 830 1954 suuni
855 1909 1006 1955 litteris
1026 1910 1296 1972 expressisse,
1319 1910 1381 1955 illi
1400 1927 1440 1955 se
1457 1909 1645 1956 multum

261 1978 427 2023 moveri
454 1978 681 2035 dixerunt,
708 1980 827 2043 quod
853 1979 940 2026 hoc
968 1980 1237 2025 consuetudo
1257 1997 1343 2026 non
1368 1980 1562 2026 haberet.
1589 1981 1646 2026 Et

263 2064 364 2093 cum
402 2050 612 2110 Cognitor
647 2051 971 2111 interrogasset,
1009 2062 1155 2097 utrum
1185 2052 1242 2096 eis
1263 2051 1503 2096 sufficeret-⁹³
1523 2050 1645 2114 quod

263 2117 354 2163 dati
376 2118 547 2165 fuerant
574 2131 789 2180 gestorum
812 2121 1227 2166 conscribendorum
1247 2138 1293 2165 ex
1319 2131 1501 2184 utraque
1522 2131 1646 2185 parte

265 2189 465 2234 custodes
488 2208 498 2234 :
524 2190 777 2237 dilationem
795 2203 942 2254 petere
956 2202 1212 2255 coeperunt,
1231 2202 1280 2236 ut
1296 2191 1379 2237 sibi
1398 2194 1647 2255 conscripta

265 2269 379 2318 gesta
402 2259 647 2316 ederentur,
670 2272 711 2306 et
734 2272 839 2306 tunc
863 2262 1186 2325 responderent.
1214 2262 1299 2307 Hic
1319 2273 1438 2308 ortus
1457 2272 1518 2307 est
1539 2261 1644 2308 diu-

266 2340 420 2376 turnus
455 2332 683 2377 conflictus
714 2349 816 2378 cum
848 2333 930 2387 eis,
959 2349 1060 2378 cum
1091 2350 1321 2378 consensus
1344 2349 1517 2385 eorum,
1555 2350 1643 2396 quo
1694 2351 1698 2355 ·

267 2400 491 2464 placuerat
517 2413 565 2447 ut
589 2402 663 2448 illo
687 2402 756 2448 die
777 2420 841 2448 res
861 2413 1075 2462 ageretur,
1099 2419 1214 2466 saepe
1242 2403 1494 2448 recitaretur
1510 2420 1556 2448 ex
1582 2414 1642 2449 ta-

316 2508 324 2530 ¹
342 2509 422 2543 Psal.
444 2520 520 2547 xxv,
538 2517 566 2548 4.
580 2527 625 2534 ·—-
642 2509 657 2532 ²
670 2513 765 2542 Forte
784 2510 824 2543 ad
838 2509 979 2542 eamdem
998 2509 1164 2543 notariam.
1181 2527 1226 2533 —
1240 2506 1253 2532 3
1269 2511 1362 2540 Forte
1378 2507 1556 2539 sufficerent
1571 2507 1641 2551 qui.

1760 442 1763 520 1
