1763 2838
258 189 318 244 [42
681 201 714 231 5.
758 198 998 231 AUGUSTINI
1034 200 1235 233 EPISCOPI

261 268 366 321 tuit3
391 265 618 331 quaesitum
639 275 699 311 est
716 304 726 323 ,
750 277 893 311 utrum
913 265 1091 313 clericus
1111 286 1185 314 suo
1210 270 1385 316 nomine
1401 309 1412 327 ,
1442 289 1495 318 an
1514 271 1627 320 illius

264 350 534 402 premortuo
553 337 867 400 subscripserit.
880 337 960 382 Sed
975 349 1119 401 postca
1131 341 1445 403 responderunt
1457 381 1467 398 ‚
1485 343 1629 407 ipsum

257 410 432 472 quidem
458 408 756 470 subscripsisse
781 419 1034 471 praesentem
1054 447 1064 464 ‚
1099 428 1198 455 eum
1233 422 1386 457 octavo
1413 414 1630 460 Kalendas

259 481 412 525 Junias
436 479 685 524 mandatum
712 480 829 524 fieret
852 499 862 532 ;
895 479 964 524 sed
993 480 1196 542 quoniam
1222 499 1332 541 teger
1357 483 1629 546 subscripse-

259 561 340 603 rat‚
370 560 627 594 remeantem
647 549 699 594 ad
723 551 897 613 propria
924 551 968 595 in
996 551 1145 596 itinere
1179 551 1393 600 defecisse.
1423 553 1523 609 Quo
1547 570 1627 599 au-

260 620 353 665 dito
379 619 594 665 Catholici
620 620 836 683 petierunt
860 621 1078 684 superiora
1101 638 1249 667 eorum
1272 623 1402 668 verba
1428 623 1627 679 recitari,

261 691 417 754 utipsa
449 691 630 736 varietas
654 691 919 753 deprehensa
949 692 1215 739 claresceret.
1247 693 1378 750 Quod
1411 711 1509 738 cum
1535 693 1632 739 fac-

262 772 354 807 tum
378 761 543 815 suisset,
577 772 617 806 et
641 772 885 824 appareret,
904 763 1103 824 quaesivit
1129 763 1353 822 Cognitor‚
1379 774 1524 808 utrum
1545 764 1633 809 sal-

260 842 345 877 tem
367 832 448 877 sub
476 832 549 876 Dei
578 832 873 877 testificatione
904 834 1140 885 firmarentq
1163 850 1260 878 eum
1288 833 1416 878 fuisse
1435 833 1628 879 Cartha-

263 901 377 963 gini,
418 901 594 964 quando
641 913 873 964 praesentes
906 904 1195 965 praesentibus
1232 903 1551 949 mandaverunt
1589 913 1636 948 ut

263 971 601 1017 subscriberent.
628 973 711 1017 Ubi
727 973 1276 1037 vehementiusperturbati
1297 974 1633 1037 responderunt:

264 1042 426 1097 «Quid
455 1042 487 1086 si
517 1054 557 1088 et
596 1043 702 1088 alius
740 1061 819 1106 pro
852 1044 999 1088 eodem
1039 1045 1242 1107 apposuit
1262 1048 1279 1090 Ρ
1299 1068 1316 1085 n
1339 1045 1463 1090 Hanc
1487 1061 1637 1090 eorum

264 1112 491 1158 falsitatem
521 1113 832 1176 deprehensam
851 1114 1017 1172 judicio
1043 1115 1120 1158 Dei
1142 1114 1638 1177 1·elinquens,jussitcae-

264 1193 353 1227 tera
377 1184 553 1228 nomina
576 1184 760 1230 recitari.
791 1185 962 1240 Quibus
992 1185 1208 1240 recitatis,
1240 1185 1441 1248 quaesivit
1470 1183 1522 1228 de
1552 1201 1638 1229 nu·-

263 1270 381 1298 mero
405 1254 710 1317 episcoporum
730 1254 865 1316 partis
884 1254 1116 1316 utriusque.
1146 1254 1389 1318 Respondit
1407 1254 1634 1309 Officium,

264 1324 440 1369 nomina
470 1325 793 1370 Donatistarum
819 1325 1123 1388 episcoporum
1145 1343 1230 1371 esse
1251 1326 1437 1371 ducenta
1461 1336 1639 1388 septua-

264 1393 579 1451 ginta-novem‚
612 1396 903 1440 annumeratis
921 1396 1046 1439 etiam
1073 1395 1172 1450 illis‚
1204 1413 1284 1458 pro
1304 1395 1465 1459 quibus
1482 1396 1639 1440 absen-

266 1464 383 1510 tibus
423 1465 493 1510 alii
530 1466 904 1529 subscripserant‚
949 1477 1202 1529 computato
1240 1477 1280 1512 et
1313 1466 1388 1511 illo
1412 1465 1633 1511 defuneto.

265 1533 598 1580 Catholicorum
631 1548 773 1581 autem
801 1537 996 1582 omnium
1032 1537 1313 1598 praesentium
1349 1537 1525 1582 nomina
1556 1552 1641 1583 esse

259 1607 452 1650 constitit
471 1607 656 1653 ducenta
673 1608 1166 1667 octog·inta-seX.Viginti
1184 1608 1294 1653 enim
1314 1625 1401 1652 non
1419 1607 1641 1670 subscrip-

263 1687 420 1729 serant,
450 1680 523 1740 qui
543 1690 683 1723 tamen
700 1696 819 1725 suam
843 1678 1092 1723 exhibentes
1117 1678 1390 1741 pra‘sentiam
1417 1688 1456 1722 et
1477 1678 1522 1722 in
1549 1695 1642 1722 nie-

266 1745 387 1791 dium
413 1749 712 1811 procedentes„
733 1749 812 1794 nisi
832 1766 940 1811 quos
960 1749 1190 1793 infirmitas
1208 1748 1402 1812 corporis
1417 1747 1507 1793 illie
1525 1745 1642 1810 apud

267 1815 575 1877 Carthaginem
610 1821 776 1875 tenuit,
812 1820 1103 1882 praesentibus
1139 1820 1263 1879 gestis
1303 1836 1344 1863 sc
1370 1818 1576 1863 mandare
1603 1826 1644 1862 et

258 1891 498 1935 consentire
512 1889 691 1954 professi
709 1901 821 1936 sunt.
853 1891 1006 1935 [nloco
1031 1907 1129 1949 ergo
1154 1889 1426 1946 Collassouis,
1445 1888 1530 1933 hoc
1550 1897 1632 1945 est,

265 1960 311 2004 in
336 1959 514 2007 thermis
535 1962 816 2022 Gargilianis,
842 1963 946 2024 quia
971 1960 1061 2023 ipse
1077 1971 1223 2024 postea
1249 1959 1370 2005 locus
1390 1959 1640 2022 placuerat,

266 2048 313 2076 ex
331 2030 400 2076 his
420 2033 659 2079 Catholicis
680 2034 755 2097 qui
774 2032 978 2078 mandato
997 2032 1359 2095 subscripserant,
1385 2041 1425 2075 et
1443 2030 1515 2093 qui
1532 2045 1644 2092 prae-

264 2114 400 2150 sentes
426 2105 549 2164 gestis
568 2105 896 2159 mandaverant,
915 2103 963 2148 hi
983 2102 1059 2147 soli
1075 2101 1305 2147 defuerunt
1324 2100 1399 2166 qui
1418 2100 1507 2145 illic
1526 2097 1645 2162 apud

266 2174 576 2233 Carthaginem
606 2173 883 2220 incommoda
906 2171 1152 2218 valetudine
1181 2172 1454 2217 tenebantur.
1494 2171 1554 2215 Ex
1578 2169 1646 2214 his

265 2256 406 2292 autem
430 2262 616 2306 quorum
646 2245 821 2289 nomina
854 2245 1181 2288 Donatistarum
1211 2242 1477 2304 subscriptio
1501 2240 1646 2286 conti-

266 2316 421 2372 nebat,
449 2333 537 2361 non
567 2315 707 2361 solum
739 2314 802 2360 illi
837 2313 1013 2359 deerant
1045 2330 1153 2377 quos
1182 2312 1298 2377 apud
1334 2310 1644 2371 Carthaginem

268 2399 476 2448 aegrotare
495 2387 828 2451 responderant,
856 2385 928 2432 sed
952 2386 1080 2431 etiam
1098 2384 1161 2429 illi
1184 2401 1265 2447 pro
1281 2384 1442 2447 quibus
1462 2381 1647 2427 absenti-

266 2459 368 2515 bus,
392 2458 437 2504 id
461 2467 537 2514 est,
564 2457 681 2523 apud
704 2457 1012 2518 Carthaginem
1048 2472 1135 2500 non
1166 2453 1409 2499 constitutis
1441 2452 1511 2504 alii
1537 2452 1646 2496 sub-

265 2529 537 2592 scripserant.
559 2528 781 2585 Quoniam
795 2529 940 2591 itaque
956 2544 997 2573 se
1018 2525 1255 2571 Donatistae
1273 2524 1325 2570 de
1344 2522 1648 2569 numerositate
