1763 2838
277 165 361 197 1⁸20
689 165 721 194 S.
768 165 1009 195 AUGUSTJNI
1045 164 1247 194 EPISCOPI

268 247 450 293 persona
475 247 668 293 personae
692 247 703 275 :
731 241 771 275 et
789 231 912 275 nobis
931 247 1015 275 non
1040 229 1139 275 licet
1159 229 1317 285 dicere,
1355 231 1541 293 Propter
1570 247 1639 277 eos

269 317 378 363 quos
396 300 644 357 damnastis,
674 318 760 345 non
786 301 1018 345 deserimus
1046 317 1196 363 pacem
1223 301 1405 356 Christi,
1432 301 1534 364 quia
1559 318 1637 346 nec

268 388 395 416 eausa
409 388 549 416 causa}
564 371 839 433 praejudieat‚
861 388 938 415 nec
960 387 1141 433 persona
1155 374 1375 433 personae?
1394 371 1432 416 O
1457 371 1639 417 ferream

267 440 471 495 frontem,
495 458 520 486 o
543 440 698 486 furoris
722 442 935 496 tenebras,
962 451 1219 485 nocturnam
1239 440 1490 486 sententiam
1499 441 1639 500 judici

269 512 533 571 objicientes,
554 523 595 557 et
618 514 658 557 in
687 513 752 557 sui
784 512 926 557 cordis
948 522 1073 556 noete.
1089 512 1332 574 palpantes,
1355 511 1635 568 offendentes,

270 581 486 638 cadentes,
513 593 665 629 contra
691 599 766 628 nos
792 582 942 628 rabide
958 581 1189 641 litigantes,
1217 592 1258 626 et
1281 598 1362 644 pro
1382 581 1508 627 nobis
1522 591 1640 627 tanta

268 651 471 698 dicentes.

333 724 493 770 XXVI.
522 724 705 786 Insuper
727 723 872 768 adhue
895 723 1023 768 etiam
1045 722 1177 767 modo
1199 727 1534 768 commemorare
1561 738 1643 769 au-

270 791 375 837 dent
392 793 653 856 prophetica
672 804 713 838 et
737 793 972 856 apostoliea
991 793 1249 848 testimonia,
1274 793 1433 855 quibus
1456 810 1533 838 nos
1550 793 1646 839 uni-

272 862 493 907 versaliter
532 863 577 907 in
609 863 682 907 illa
733 863 974 908 (tollatimm
1015 863 1338 925 respondimus,
1376 863 1645 909 ostendentes

269 931 384 994 ipsos
409 932 649 995 Prophetas
676 943 843 978 sanctos
864 950 962 979 611111
989 934 1148 996 iniquis
1178 934 1222 978 in
1244 950 1331 978 uno
1354 934 1536 996 templo,
1561 933 1644 980 sub

266 1002 425 1047 eisdem
457 1003 778 1059 sacerdotibus,
807 1004 917 1049 inter
940 1004 1087 1049 eadem
1121 1015 1387 1049 sacramenta
1425 1015 1641 1061 versatos,

272 1089 350 1117 nec
378 1083 519 1118 tamen
543 1091 565 1118 a
593 1074 714 1118 malis
752 1073 880 1118 fuisse
904 1073 1092 1137 pollutos
1116 1092 1126 1118 ε
1155 1075 1257 1136 quia
1296 1085 1507 1121 noverant
1534 1075 1646 1120 inter

272 1152 471 1187 sanctum
500 1154 541 1188 et
565 1144 862 1199 immundum,
893 1162 980 1189 non
1004 1145 1113 1189 sicut
1131 1145 1200 1189 isti
1223 1145 1411 1190 sentiunt
1434 1162 1644 1208 corpora-

273 1212 370 1259 liter
389 1214 606 1277 populum
627 1214 883 1271 dividendo,
914 1215 985 1260 sed
1007 1216 1116 1260 bene
1132 1215 1375 1274 judicando
1398 1226 1440 1261 et
1457 1215 1647 1261 benevi-

272 1284 413 1330 vendo
437 1285 688 1332 diseernere.
717 1288 771 1331 Et
796 1287 882 1331 hoe
911 1287 998 1331 sine
1012 1286 1324 1332 intermissione
1337 1285 1573 1342 faciebant,
1599 1297 1648 1332 ut

273 1355 317 1400 111
342 1354 414 1400 illa
441 1355 572 1401 domo
598 1374 769 1416 magna,
793 1357 869 1402 ubi
884 1367 1004 1401 erant
1035 1357 1145 1401 sicut
1163 1356 1270 1401 dicit
1297 1356 1545 1419 Apostolus,
1566 1356 1648 1402 alia

271 1440 371 1471 vasa
397 1424 690 1480 inhonorem,
721 1427 801 1472 alia
824 1427 868 1472 in
894 1427 1201 1472 contumeliam
1219 1426 1256 1482 1,
1282 1444 1323 1472 se
1345 1428 1461 1491 ipsos
1483 1445 1507 1472 a
1542 1426 1647 1473 tali-

273 1496 356 1541 bus
381 1514 551 1543 morum
574 1497 818 1546 diversitate
840 1498 1117 1554 mundarent,
1144 1508 1186 1543 et
1204 1509 1341 1543 essent
1360 1515 1460 1544 vasa
1486 1499 1531 1543 in
1560 1497 1649 1543 ho-

274 1583 422 1611 norem
440 1567 561 1612 utilia
579 1568 768 1613 Domino
786 1568 839 1614 ad
854 1586 979 1613 omne
993 1585 1102 1631 opus
1116 1568 1284 1613 bonum
1298 1585 1467 1631 semper
1478 1579 1641 1631 parata.

275 1636 357 1681 Sed
384 1637 510 1693 bene,
532 1637 652 1700 quod
667 1639 751 1701 ipsi
768 1656 814 1683 ex
836 1639 982 1683 multis
998 1638 1266 1692 testimoniis,
1285 1654 1384 1701 quae
1401 1638 1552 1683 litteris
1566 1637 1651 1683 suis

274 1724 362 1752 non
388 1706 669 1766 intelligentes
692 1709 978 1764 inseruerunt,
998 1726 1104 1771 quas
1127 1708 1171 1753 in
1197 1708 1439 1753 Collatione
1450 1708 1651 1771 protule-

273 1787 375 1822 runt
392 1787 433 1821 et
446 1776 655 1836 legerunt,
670 1789 875 1842 tanquam
893 1779 1168 1841 praecipuum
1186 1778 1238 1824 de
1261 1780 1417 1838 Aggaeo
1433 1778 1651 1841 propheta

276 1847 568 1892 testimonium
592 1848 723 1894 modo
743 1860 843 1911 post
869 1849 1155 1894 Collationem
1193 1849 1297 1894 victi
1336 1865 1652 1894 commemora-

274 1927 377 1962 runt
397 1918 429 1963 2.
466 1918 516 1962 In
551 1918 631 1963 isto
667 1936 766 1978 ergo
808 1919 1029 1982 Propheta
1074 1918 1212 1964 multo
1249 1919 1489 1964 evidentius
1532 1918 1651 1981 quod

277 1988 477 2032 volumus
501 1988 861 2044 demonstramus,
887 1990 988 2052 quia
1013 2006 1101 2034 non
1126 1989 1380 2052 corporalis,
1408 1989 1480 2034 sed
1519 1989 1658 2052 spiri-.

279 2058 370 2102 talis
398 2068 642 2115 contactus,
667 2061 741 2122 qui
767 2062 815 2105 fit
846 2077 922 2123 per
940 2060 1258 2105 consensionem
1283 2060 1373 2122 ipse
1392 2059 1550 2121 polluit
1573 2060 1650 2104 ho-

275 2129 426 2182 mines,
452 2146 638 2190 quorum
659 2147 831 2175 causam
862 2147 991 2175 unam
1012 2129 1116 2175 facit
1138 2130 1229 2193 ipsa
1249 2133 1484 2176 consensio.

340 2200 523 2245 lxxvii.
557 2201 667 2245 Nam
690 2202 866 2263 quando
892 2202 1048 2263 impios
1087 2202 1298 2246 Dominus
1323 2201 1451 2246 etiam
1490 2199 1652 2246 visibili

276 2285 406 2331 poena
419 2269 598 2331 perdere
616 2271 768 2325 voluit,
796 2272 886 2333 ipse
905 2272 959 2316 ab
977 2272 1036 2315 eis
1054 2276 1191 2329 justos
1211 2271 1506 2317 admonitione
1525 2286 1653 2333 sepa-

277 2339 401 2385 ravit.
425 2340 548 2385 Sicut
569 2341 660 2385 Noe
683 2357 782 2385 cum
804 2340 933 2385 domo
955 2357 1028 2386 sua
1049 2342 1103 2385 ab
1122 2342 1178 2387 eis
1196 2358 1304 2405 quos
1328 2341 1493 2387 diluvio
1512 2339 1653 2386 fuerat

278 2409 525 2471 perditurus
546 2410 563 2440 3
584 2429 593 2456 :
618 2412 728 2457 sieut
745 2411 861 2456 Loth
879 2412 934 2456 ab
951 2411 1008 2457 eis
1031 2429 1139 2475 quos
1152 2413 1248 2471 igne
1266 2412 1404 2458 fuerat
1420 2427 1650 2474 consump-

328 2494 336 2513 ¹
360 2503 376 2522 2
397 2491 479 2527 Tim,
501 2504 537 2532 11,
559 2504 611 2527 20,
633 2511 677 2516 -
693 2493 706 2514 ‘2
720 2494 836 2536 Aggwi.
854 2505 889 2527 11.
906 2512 949 2518 —-
969 2492 982 2516 3
1000 2497 1080 2526 Gen.
1097 2505 1165 2526 vm.
