1763 2838
219 295 492 331 BREVICULUS
527 293 820 338 COLLATIONIS
856 295 949 327 CUM
984 295 1264 331 DONATISTIS.
1372 284 1430 347 87

57 378 106 414 ut
130 366 165 412 ei
191 364 347 411 reverti
367 361 555 409 licuisset
578 371 620 406 et
639 360 693 407 ad
721 362 1027 422 Carthaginem
1055 364 1304 420 accederet3
1333 377 1439 413 tunc

62 456 86 490 a
113 436 374 483 Philomeno
406 442 650 492 suggestore
680 435 769 492 ejus
798 434 1054 496 Imperatori
1079 447 1323 496 suggestum
1349 448 1436 494 est,

57 519 106 554 ut
133 508 250 553 bono
282 505 403 568 pacis
429 503 690 548 Caecilianus
722 502 877 548 Brixiae
918 514 1159 560 teneretur3
1195 517 1236 553 et
1273 507 1439 553 factum

59 589 134 624 est,
163 600 184 619 ³>
210 579 260 622 In
282 575 444 640 quibus
468 574 611 619 verbis
632 574 810 638 optati,
834 590 935 619 cum
958 576 1135 621 omnino
1156 577 1274 623 nulla
1294 578 1441 624 Caeci-

59 649 163 695 liani
188 646 410 694 damnatio
431 684 441 701 ,
465 645 576 690 sicut
594 645 656 690 illi
677 645 1043 691 demonstraturos
1064 664 1105 692 se
1124 665 1210 694 esse
1229 650 1441 712 promise-

59 729 159 766 rant
177 757 187 771 ,
216 717 392 781 reperiri
416 715 652 779 potuisset,
677 715 805 774 jussit
833 715 1044 776 Cognitor
1068 727 1203 764 totam
1235 718 1443 782 paginam

58 782 229 838 recitari
248 826 258 843 ‚
287 798 335 832 ut
356 787 409 832 de
426 786 725 849 superioribus
751 795 792 831 et
809 785 1089 833 inferioribus
1112 788 1257 834 verbis
1279 788 1442 835 volun-

59 870 123 905 tas
141 857 321 922 ejusqui
347 857 599 919 scripserat,
623 866 885 902 nosceretur.
916 861 968 902 Et
986 874 1032 902 ex
1051 857 1192 904 officio
1212 859 1442 906 recitatum

59 941 154 976 est:
183 953 201 970 ιι
225 928 485 974 (Jaecitianus
512 927 707 971 omnium
739 944 870 990 supra
901 938 1240 974 memoratorum
1271 941 1443 976 senten-

58 1001 128 1046 tiis
145 1000 352 1045 innocens
378 1008 439 1043 est
458 997 782 1062 pronuntiatus.
809 1019 829 1039 ›>
864 998 995 1055 Quod
1029 1016 1129 1044 eum
1155 1000 1437 1058 recitaretur,

61 1070 303 1115 Donatistae
328 1068 554 1121 dixerunt,
579 1067 667 1112 hoc
692 1085 733 1113 se
758 1085 845 1113 non
870 1068 1024 1131 petisse
1059 1068 1249 1123 recitari,
1279 1080 1444 1116 stoma—

62 1142 241 1187 obantes
258 1140 341 1185 ῑιὼ
345 1157 462 1184 eisus
480 1156 548 1183 eos
565 1138 639 1201 qui
658 1139 787 1184 risum
810 1150 950 1184 tenere
968 1156 1055 1184 non
1070 1150 1320 1203 potuerant,
1342 1159 1442 1187 cum

60 1212 277 1257 audissent
298 1227 368 1273 qu
363 1228 426 1254 am
453 1220 645 1272 apertam
670 1221 795 1255 contr
800 1228 820 1254 a
839 1209 1104 1287 semetipsos·
1113 1228 1154 1273 p
1149 1211 1318 1270 aginam
1337 1230 1445 1276 pro—

63 1282 275 1326 tulissent.
308 1278 473 1325 Deinde
499 1296 598 1324 cum
625 1278 708 1323 illis
730 1279 872 1324 xe1bis
897 1296 997 1342 quae
1025 1280 1105 1344 ipsi
1132 1281 1441 1341 recitaxmertnt

60 1363 302 1398 extenuasse
323 1349 518 1395 dicerent
541 1350 756 1413 Optatum
781 1350 912 1396 damn
919 1351 1105 1396 ationem
1129 1352 1175 1395 C
1169 1353 1382 1410 aeihani,
1406 1365 1447 1400 et

61 1423 298 1485 exprimere
319 1420 536 1466 noluisse:
564 1420 645 1479 flagi
639 1421 695 1465 iu
699 1431 807 1466 itum
827 1432 887 1466 est
909 1422 963 1467 ab
984 1422 1067 1479 eis,
1098 1433 1144 1468 ut
1164 1423 1339 1470 aliunde
1359 1444 1445 1471 ma-

62 1493 265 1540 nifestum
303 1493 518 1551 legerent,
561 1491 678 1555 quod
718 1492 773 1538 ab
807 1492 881 1537 illo
912 1493 1104 1538 <lienem
1144 1505 1436 1544 extenuz.1tum

63 1564 196 1621 Quod
218 1581 317 1609 eum
339 1562 517 1607 minime
535 1562 797 1624 potuissent,
819 1562 886 1607 eti
890 1580 945 1607 nn
967 1563 1068 1608 inde
1088 1575 1188 1626 post
1204 1564 1318 1628 aliqu
1326 1577 1446 1612 antas

61 1651 283 1679 morarum
309 1632 503 1677 inanium
526 1631 827 1694 perplexitates
846 1670 856 1686 ‚
885 1649 984 1677 cum
1016 1643 1057 1678 et
1093 1633 1146 1678 de
1178 1635 1337 1681 Donati
1363 1654 1445 1682 no-

63 1705 177 1750 mine
201 1703 519 1750 contendissent
538 1702 655 1765 quod
678 1720 763 1748 non
784 1703 1136 1764 Carthaginensis
1153 1743 1162 1758 ,
1187 1705 1259 1751 sed
1280 1708 1446 1753 Casen—

63 1777 117 1822 sis
144 1777 340 1821 Donatus
372 1774 416 1819 in
444 1773 612 1833 judicio
648 1773 906 1820 Melchiadis
930 1774 1135 1821 adversus
1160 1776 1446 1826 Cacilianum

65 1846 291 1902 astitisset,
334 1843 455 1910 quod
495 1855 535 1890 et
583 1844 803 1891 Catholici
844 1845 1168 1903 concedebant,
1213 1847 1448 1912 aliquando

67 1928 295 1963 tranffltum
321 1927 396 1962 est.

132 1988 340 2034 XXXIX.
386 1985 553 2032 Deinde
600 1986 702 2050 quia
745 1986 1021 2032 Constantini
1061 1987 1213 2032 litteris
1232 2026 1243 2045 ,
1287 1989 1449 2053 quibus

69 2076 166 2105 eum
188 2059 298 2104 inter
315 2069 459 2122 partes
476 2058 749 2117 cognovisse,
771 2069 812 2103 et
830 2075 912 2121 pro
935 2057 1173 2103 Caeciliano
1189 2070 1339 2104 contra
1356 2060 1452 2106 illos

67 2129 283 2192 judicasse
306 2128 555 2184 constabat,
578 2128 788 2187 Cognitor
805 2146 875 2174 eos
899 2129 929 2173 si
953 2128 1059 2191 quid
1089 2128 1303 2174 haberent
1320 2166 1330 2185 ‚
1359 2148 1451 2176 res-

70 2199 264 2263 pondere
285 2200 468 2259 cogebat
487 2216 497 2242 t
520 2199 767 2261 petiverunt
787 2215 910 2244 suum
930 2198 1129 2243 libellum
1151 2216 1238 2245 esse
1261 2200 1452 2260 recitan-

72 2270 207 2323 dum,
242 2286 369 2332 quem
407 2267 613 2313 dicebant
649 2267 799 2314 datum
840 2269 1129 2314 Constantino
1162 2286 1184 2314 a
1214 2271 1454 2330 majoribus

76 2341 176 2386 suis.
208 2341 258 2384 ln
285 2357 372 2403 quo
408 2338 555 2383 libello
581 2339 679 2384 satis
715 2350 948 2402 aperteque
972 2349 1296 2396 monstrarunt,
1322 2359 1455 2404 quam

75 2409 231 2456 falsum
256 2409 440 2455 dixerint
464 2408 517 2454 de
540 2408 817 2454 damnatione
841 2408 1064 2454 Caeciliani
1089 2409 1208 2473 apud
1228 2411 1416 2458 Brixiam
1442 2431 1451 2457 :

80 2479 196 2534 idem
222 2480 388 2545 quippe
408 2479 579 2525 libellus
596 2480 783 2525 ostendit
805 2478 1177 2543 quemadmodum
1203 2492 1353 2527 contra
1387 2501 1457 2528 eos

80 2552 254 2604 senserit
283 2550 607 2597 Constantinus.
651 2551 763 2597 Nam
794 2549 857 2596 ibi
894 2549 1075 2605 dicunt,
1114 2549 1235 2596 nullo
1261 2551 1392 2608 modo
1417 2570 1460 2607 se

78 2618 477 2669 communicaturos
499 2644 519 2663 ‹<
540 2616 733 2669 Antistiti
752 2615 888 2684 ipsius
906 2617 1138 2677 nebuloni,
1164 2644 1183 2663 »
1202 2618 1461 2687 paratosque
