1763 2838
264 135 313 163 10
673 133 706 163 S.
750 132 994 164 AUGUSTINI
1029 132 1232 163 EPISCOPI

252 199 358 244 riam
384 199 600 246 faciebant
626 216 637 244 ε
665 197 724 243 5ἰο
755 197 865 248 nihil
886 197 1063 262 prodest
1086 196 1301 243 litereticis
1326 196 1380 243 ad
1407 197 1590 243 salutem
1609 233 1620 252 ,

253 271 369 333 quod
389 281 502 316 extra
522 269 756 316 Ecclesiam
777 285 925 315 verum
950 269 1217 332 baptismum
1240 286 1317 331 per
1334 269 1624 328 ignorantiam

253 351 293 385 et
319 341 495 387 tradunt
529 352 569 386 et
611 351 777 393 tenent,
819 340 906 385 imo
945 350 985 384 et
1024 340 1146 385 obest
1185 339 1238 385 ad
1271 339 1592 386 damnationem
1609 376 1620 396 ‚

250 412 367 476 quod
395 413 436 457 in
459 412 662 469 sacrilega
688 411 913 475 iniquitate
933 412 1087 456 erroris
1107 411 1290 457 humani
1309 448 1318 467 ,
1340 411 1466 456 etiam
1486 410 1626 457 divini

251 483 530 537 sacramenti,
560 499 647 527 non
684 499 761 544 per
796 499 926 546 quam
957 481 1251 538 mundentur,
1287 480 1359 526 sed
1394 497 1472 543 per
1495 497 1626 543 quam

251 551 729 612 severiusjudicentur,
764 552 957 599 detinent
984 551 1222 599 veritatem.
1254 551 1310 596 Et
1342 550 1454 596 sicut
1478 551 1626 613 Apos-

253 621 391 678 tolus,
419 622 595 685 quando
617 622 710 667 illos
744 623 970 683 sacrilegos
1001 622 1275 682 corrigebat,
1309 626 1451 666 Deum
1483 631 1628 666 tamen

252 709 397 738 verum
415 730 424 747 ,
455 693 530 757 qui
549 704 663 741 extra
691 694 925 739 Ecclesiam
956 694 1010 739 ab
1043 694 1101 739 eis
1125 693 1426 753 ignorantibus
1448 692 1628 738 coleba-

254 774 349 813 tur,
394 764 650 823 agnoscebat
682 766 827 827 potius
862 782 991 828 quam
1029 764 1213 824 negabat
1251 782 1262 809 z
1299 763 1358 809 sie
1397 763 1526 808 etiam
1551 780 1629 808 nos

253 833 430 895 quando
456 834 761 880 haereticorum
790 835 1008 895 sacrilegae
1031 834 1314 897 separationis
1340 850 1501 878 errores
1527 850 1629 878 cor-

252 903 456 961 rigimus,
484 904 752 966 baptismum
782 915 921 950 tamen
952 921 1127 958 verum,
1155 922 1285 968 quem
1310 920 1388 966 per
1421 904 1630 963 ignoran-

254 974 359 1018 tiam
393 984 507 1019 extra
550 975 786 1021 Ecclesiam
824 976 1031 1033 tradunt,
1063 976 1213 1039 utique
1249 991 1505 1035 agnoscere,
1543 991 1630 1020 non

256 1061 409 1103 negare
438 1044 658 1091 debemus.

322 1116 397 1160 lx.
431 1136 449 1156 α
474 1115 556 1160 Sed
582 1116 745 1161 Paulus
761 1153 770 1171 ,
796 1117 1003 1180 inquiunt
1019 1153 1028 1168 ‚
1057 1135 1157 1163 cum
1178 1117 1363 1163 venisset
1385 1116 1628 1179 Ephesum,

255 1205 276 1225 >›
294 1185 504 1247 quosdam
532 1187 607 1249 qui
640 1204 680 1231 se
703 1186 909 1231 dicebant
933 1187 1113 1232 Joannis
1148 1188 1411 1250 baptismate
1431 1186 1632 1249 baptiza-

255 1275 275 1296 »
296 1265 359 1299 tos
374 1292 384 1305 ,
412 1256 625 1319 baptizari
642 1259 769 1316 jussit
791 1257 835 1302 in
863 1257 1038 1302 Christo
1053 1256 1086 1303 ⁴1.
1116 1279 1134 1298 »
1156 1257 1364 1320 Quisquis
1390 1257 1477 1302 hoc
1497 1273 1633 1301 exem-

254 1325 330 1387 plo
357 1326 657 1373 schismaticos
676 1339 716 1373 et
742 1328 968 1373 haereticos
992 1329 1278 1390 baptizandos
1301 1338 1453 1391 putat,
1477 1327 1634 1373 audeat

257 1395 399 1441 dicere
420 1433 429 1450 ,
461 1397 493 1442 si
511 1408 676 1460 potest,
699 1398 953 1443 haeretieum
976 1399 1043 1445 vel
1070 1398 1396 1444 schismaticum
1419 1398 1633 1443 Joannem

256 1464 397 1511 fuisse.
439 1467 533 1512 Hoc
568 1467 600 1511 si
634 1468 749 1513 nefas
773 1479 834 1513 est
866 1468 1033 1524 dicere,
1060 1468 1257 1531 profecto
1277 1469 1360 1514 illis
1379 1468 1634 1513 hominibus

256 1535 374 1597 quod
394 1535 538 1581 deerat
566 1537 715 1582 datum
742 1549 802 1583 est
820 1575 831 1593 ,
864 1556 950 1583 non
981 1539 1100 1601 quod
1129 1538 1267 1584 inerat
1291 1539 1591 1601 improbatum
1618 1555 1629 1583 :

257 1605 342 1651 sive
367 1607 535 1652 mentiti
552 1607 712 1654 fuerint
735 1627 775 1654 50
792 1609 953 1654 habere
978 1609 1249 1672 baptismum
1279 1609 1459 1654 Joannis
1479 1646 1489 1664 ,
1523 1609 1635 1654 sicut

256 1677 456 1723 nonnulli
477 1679 771 1733 arbitrantur3
806 1680 892 1726 sive
914 1680 1017 1744 quia
1055 1681 1299 1743 baptismus
1334 1681 1514 1726 Joanuis
1545 1698 1634 1726 non

255 1758 345 1793 erat
368 1748 610 1811 baptismus
631 1750 819 1806 Christi,
844 1750 916 1796 sed
945 1761 1086 1796 tamen
1112 1751 1300 1796 militans
1334 1751 1511 1796 Christo
1531 1788 1541 1807 ,
1571 1750 1633 1796 si-
1677 1756 1680 1761 ’

257 1827 332 1862 cut
356 1819 479 1878 Legis
497 1830 636 1865 vetera
657 1832 922 1866 sacramenta
940 1821 1230 1883 praecursorio
1250 1820 1444 1886 quodam
1461 1831 1502 1866 et
1519 1837 1634 1884 prae-

259 1888 510 1947 figuratorio
534 1889 827 1949 fungebantur
850 1891 1006 1937 ossicio.
1038 1912 1058 1932 «
1080 1892 1125 1936 Si
1153 1903 1252 1954 post
1276 1896 1490 1937 Joannem
1521 1891 1634 1937 ami-

256 1975 358 2003 cum
377 1960 522 2021 sponsi
541 1960 812 2024 baptizatum
832 1972 893 2006 est
907 1959 923 2017 ,'
941 1961 1147 2024 inquiunt
1164 1999 1175 2017 ,
1199 1972 1364 2025 quanto
1383 1962 1515 2020 magis
1533 1971 1634 2024 post

257 2028 515 2074 haereticum
546 2030 862 2093 baptizandum
895 2034 988 2076 est?
1009 2052 1028 2072 >³
1068 2032 1214 2077 Potest
1244 2031 1352 2077 alius
1375 2031 1494 2077 velut
1519 2034 1636 2090 ι105ῐὲ1

259 2097 453 2144 similiter
471 2099 766 2159 indignatione
784 2112 1029 2147 commotus
1046 2101 1187 2147 dicere
1206 2119 1218 2146 ς
1242 2102 1287 2146 Si
1304 2112 1403 2164 post
1421 2102 1635 2147 Joannem

259 2168 529 2230 baptizatum
549 2180 609 2215 est
626 2207 636 2225 ,
659 2172 734 2234 qui
756 2172 907 2217 vinum
930 2173 1102 2234 penitus
1122 2189 1210 2218 non
1228 2172 1413 2218 bibebat
1428 2209 1438 2228 ,
1468 2182 1633 2234 quanto

258 2249 356 2301 post
376 2240 592 2285 ebriosum
612 2241 1111 2304 justius*baptizandum
1136 2245 1224 2287 est?
1245 2242 1341 2286 Hoc
1359 2259 1458 2302 ergo
1488 2241 1556 2286 isti
1573 2240 1635 2286 fa-

262 2311 403 2366 ciant,
427 2311 460 2356 si
486 2322 666 2374 possunt
689 2329 699 2357 ι
729 2312 953 2375 baptizent
978 2324 1078 2376 post
1112 2314 1301 2359 ebriosos
1324 2329 1447 2367 suos,
1475 2312 1509 2358 si
1534 2323 1634 2375 post

260 2381 471 2427 Joannem
493 2382 688 2430 sobrium
710 2385 909 2447 Apostoli
929 2385 1279 2449 baptizaverunt.
1308 2383 1429 2442 Quid
1450 2383 1526 2434 hie
1544 2400 1633 2430 res-

309 2465 320 2486 1
340 2466 410 2496 Act.
428 2474 495 2502 iux,
518 2476 548 2498 1.
