1763 2838
347 182 402 212 AD
440 179 713 211 DonarisrAs
750 180 858 210 ros'r
895 179 1222 210 cormrsomm.
1394 162 1481 209 135

98 265 312 312 ponsuros
332 265 417 294 esse
445 246 748 310 promitterent
772 264 781 291 :
813 257 854 292 et
891 263 990 292 cum
1018 246 1276 292 mandatum
1308 243 1483 291 concilii

99 319 307 365 catholici
325 356 334 373 ,
363 317 482 381 quod
504 317 818 373 obtuleramus,
846 317 1074 362 recitatum
1103 327 1207 361 esset
1231 353 1242 369 ‚
1280 326 1409 378 atque
1434 315 1481 361 in

99 407 147 434 eo
169 389 272 452 ipsis
292 389 420 434 etiam
444 387 752 432 confitentibus
778 388 998 433 claruisset
1018 424 1029 443 ,
1059 404 1134 432 nos
1170 386 1378 433 Ecclesiae
1403 404 1481 433 ca-

98 459 277 504 tholicae
297 458 313 488 1
344 458 595 504 testimoniis
625 469 872 504 sanctarum
894 458 1223 521 Scripturaruin
1256 475 1379 517 agere
1396 473 1481 506 Yo-

98 530 239 584 luisse,
263 547 408 576 rursus
427 540 632 593 tanquam
658 529 785 576 obliti
803 528 909 593 quid
935 529 1017 574 sibi
1045 529 1215 592 placere
1237 528 1440 574 dixissent
1461 565 1472 584 ,

98 600 152 647 ad
188 600 357 646 easdem
396 601 580 646 forenses
606 600 960 664 praescriptiones
995 600 1209 664 perplmis
1244 610 1286 645 et
1324 598 1483 648 odiosis

96 671 451 718 contentionibus
470 682 708 717 remearent
724 675 741 716 9

160 743 253 788 XL.
281 742 598 798 Quantiemere
623 741 875 797 debiiimus,
902 751 950 786 ut
968 740 1346 805 subscriptionum
1377 757 1481 785 nos-

96 822 282 865 trarum,
310 829 410 876 quae
435 813 480 857 in
501 812 651 857 eodem
681 811 886 857 mandato
922 811 1363 867 demonstrabuntur,
1390 827 1480 858 nu·-

93 883 335 928 merositate
358 884 584 939 commoti,
609 884 820 943 exigerent
844 883 972 928 totius
996 882 1172 928 concilii
1200 882 1334 927 nostri
1356 899 1480 944 prae-

93 953 296 1007 sentiam3
317 971 362 998 ex
385 971 472 1017 quo
488 955 674 999 coneilio
692 972 777 999 non
796 954 873 999 nisi
893 956 1040 1000 decem
1060 965 1101 999 et
1124 964 1221 998 octo
1238 952 1479 999 secundum

92 1024 282 1070 edictum
311 1025 558 1084 Cognitoris
586 1025 814 1071 aderamus
836 1063 846 1081 ,
884 1036 925 1069 et
959 1025 1247 1088 qinestionem
1273 1023 1471 1068 salsitatis

91 1094 298 1145 inferrent
326 1133 335 1151 ‚
384 1095 503 1159 quod
559 1096 627 1141 alii
667 1114 746 1159 pro
772 1096 862 1142 aliis
896 1096 1173 1142 subscribere
1210 1095 1482 1158 potuerunt?

94 1166 166 1212 Sic
211 1167 324 1212 enim
371 1178 629 1229 perwntuin
673 1178 760 1221 est,
801 1178 850 1212 ut
885 1184 1035 1212 eorum
1061 1183 1238 1231 quoque
1278 1182 1483 1211 numerus

93 1247 410 1291 recenseretur,
448 1247 489 1281 et
521 1237 599 1299 ipsi
640 1237 685 1281 in
718 1256 763 1282 ea
803 1236 985 1282 falsitate
1011 1235 1477 1300 depreimnderentur,

94 1310 218 1366 cujus
262 1307 307 1351 in
354 1324 429 1352 nos
470 1307 760 1371 suspicionem
815 1308 1040 1354 intendere
1098 1307 1330 1352 voluerunt
1366 1325 1375 1352 ε
1422 1307 1483 1353 ita

94 1388 142 1424 ut
194 1395 283 1423 non
327 1378 464 1423 solum
511 1377 692 1441 quidam
725 1379 769 1423 in
812 1396 960 1423 eorum
1001 1378 1205 1424 mandato
1236 1378 1480 1437 legerentur

93 1449 396 1512 subscripsisse
418 1466 497 1513 pro
521 1449 791 1505 absentibus,
820 1450 897 1514 qui
921 1467 998 1495 nec
1027 1449 1338 1509 Carthaginem
1360 1466 1482 1496 vene·

95 1531 220 1574 rant;
248 1538 398 1567 verum
432 1522 563 1566 etiam
593 1522 828 1584 quemdam
859 1523 1091 1567 recitatum
1112 1533 1153 1566 et
1177 1538 1265 1566 11011
1297 1538 1483 1583 respon-

93 1591 265 1636 dentem
289 1609 389 1637 cum
417 1592 463 1637 in
492 1592 642 1637 itinere
671 1592 873 1638 defecisse
900 1593 1133 1647 dixissent,
1162 1592 1482 1655 qua³situmque

95 1663 149 1713 ab
160 1662 218 1707 eis
236 1673 358 1715 esset,
381 1663 604 1727 quomodo
623 1664 741 1727 apud
768 1664 1079 1721 Carthaginem
1106 1663 1379 1709 subscribere
1394 1680 1482 1726 po-

97 1733 224 1778 tuerit
247 1733 322 1796 qui
344 1734 387 1779 in
407 1734 558 1779 itinere
573 1738 662 1794 jain
683 1734 897 1780 defecerat
919 1756 928 1788 ;
955 1746 1051 1798 post
1077 1752 1252 1794 magnas
1265 1734 1481 1793 angustias

94 1804 433 1867 perturbationis
473 1816 603 1869 atque
643 1805 926 1851 inconstantis
958 1817 997 1851 et
1030 1806 1163 1852 varim
1195 1805 1481 1868 responsionis

93 1891 211 1931 suae,
261 1892 349 1920 11011
397 1876 672 1931 venientem,
705 1877 777 1922 sed
809 1888 1091 1941 posteaquam
1116 1876 1399 1939 subscripsit,
1432 1875 1486 1922 ad

94 1945 272 2010 propria
296 1957 556 1992 remeantem
584 1947 626 1992 in
645 1947 795 1992 itinere
814 1947 1015 1993 defecisse.
1042 1957 1333 1992 asseverarent
1362 1964 1371 1991 ε
1401 1946 1482 1992 de-

94 2015 196 2061 inde
213 2016 295 2060 sub
313 2016 460 2061 divina
482 2018 781 2063 testificatione
804 2017 1077 2077 interrogati,
1105 2028 1250 2063 utrum
1266 2034 1363 2062 euin
1379 2034 1481 2062 con-

94 2097 223 2132 staret
246 2086 373 2136 fuisse
386 2088 661 2147 Carthagini,
678 2089 976 2134 vehementius
997 2088 1243 2151 perturbati
1258 2087 1480 2132 dicerent:

95 2177 115 2198 α
135 2155 255 2215 Quid
283 2156 317 2201 si
336 2156 442 2203 alius
466 2175 507 2203 se
531 2175 611 2222 pro
630 2158 781 2204 eodem
804 2158 1037 2222 apposuit)
1058 2180 1077 2199 ›>
1101 2169 1234 2222 atque
1255 2158 1315 2202 ita
1340 2157 1483 2207 verbis

93 2226 178 2273 suis
200 2226 430 2273 falsitatem
463 2245 594 2291 quain
621 2229 744 2274 nobis
779 2229 1062 2288 objecerant,
1091 2228 1134 2274 in
1173 2245 1250 2273 suo
1274 2227 1480 2274 mandato

95 2297 361 2361 apparuisse,
390 2309 430 2343 et
456 2299 702 2344 convictam
722 2300 927 2345 claruisse
960 2300 1225 2344 firmarent?

162 2368 277 2414 XLI.
310 2369 474 2424 Quanti
496 2386 634 2416 emere
658 2369 908 2425 debuimus,
939 2380 987 2415 ut
1012 2387 1112 2415 cum
1144 2369 1303 2415 vellent
1325 2369 1379 2416 de
1397 2386 1484 2415 nu-

94 2437 336 2484 merositate
349 2439 541 2498 gloriari,
560 2440 686 2487 etiam
704 2440 749 2485 in
763 2441 847 2486 hoc
872 2439 1097 2486 mendacia
1118 2457 1192 2486 sua
1214 2440 1481 2504 proderent?

146 2522 156 2543 ¹
178 2523 273 2552 Forte
293 2532 429 2555 causam.
