1763 2838
208 204 262 234 DE
298 203 448 233 GESTIS
484 202 575 234 CUM
609 201 803 232 EMEMTO
840 202 1030 243 1)oNA‘r.,
1069 203 1156 233 Liss.
1200 203 1228 233 Ι.
1346 190 1430 252 173

58 288 187 317 causa
212 269 387 325 venisti,
415 267 496 313 nisi
518 266 621 330 quia
640 267 742 312 istos
763 267 961 331 decipere
982 267 1155 313 voluisti
1174 266 1207 314 4.
1236 267 1437 333 Cumque

58 342 136 388 diu
154 341 365 395 reticeret,
397 338 662 397 Augustinus
701 338 934 401 episcopus
963 338 1166 383 Ecclesiae
1203 338 1436 385 catholiea:

58 413 188 458 dixit:
206 410 388 465 Videtis,
414 412 596 465 Fratres,
619 408 695 454 diu
711 420 937 463 tacentem,
961 426 1114 454 moneo
1133 421 1177 454 ut
1192 410 1350 472 optetis
1374 428 1436 455 re-

56 483 346 545 sipiscentem,
374 480 552 524 obsecro
576 497 627 524 ne
651 480 889 543 sequamini
909 490 1175 542 pereuntem.
1210 481 1435 526 Verumta—

54 570 154 598 men
172 553 378 615 quoniam
392 561 504 610 gesta
518 550 771 605 Collationis
786 561 942 595 nostrae
958 552 1332 607 commemoravit,
1356 552 1434 597 ubi

56 640 264 687 apparere
278 639 400 686 posse
416 622 535 677 dixit,
556 631 702 666 utrum
719 622 895 666 veritate
907 621 960 665 sit
979 621 1136 673 victus,
1154 640 1206 665 an
1222 633 1433 684 potestate

54 709 284 757 oppressus
309 710 320 737 ε
350 692 485 736 multa
507 703 607 737 sunt
630 691 827 755 quidem,
855 691 929 735 ubi
963 691 1193 753 superfluis
1216 702 1256 735 et
1284 710 1430 737 mora-

54 765 174 810 toriis
192 762 570 827 prosecutionibus
591 773 704 822 gesta
724 761 1025 809 cumularunt.
1046 761 1156 806 nihii
1181 762 1299 807 aliud
1320 780 1433 822 mag-

54 835 119 880 nis
146 835 313 881 viribus
342 845 536 893 agentes,
571 833 650 877 nisi
677 843 723 877 ut
757 832 868 877 nihil
894 843 1117 891 ageretur:
1143 832 1214 877 sed
1244 834 1431 878 Domino

53 906 329 969 praesidente,
345 915 573 950 etcausam
593 921 713 948 suam
731 914 878 962 agente
900 915 1078 948 ventum
1098 914 1259 966 estquo
1279 904 1432 949 nolue-

53 987 171 1023 runt.
192 977 458 1021 Dictacausa
477 985 606 1037 atque
623 974 800 1019 delinita
816 985 890 1019 est.
919 974 1002 1018 Sed
1018 975 1050 1018 si
1071 975 1214 1019 omnia
1228 985 1341 1034 gesta
1359 992 1431 1020 vo-

53 1048 120 1093 bis
136 1047 273 1107 legere
293 1047 489 1101 velimus,
513 1063 764 1109 quanquam
782 1045 1071 1107 praesentibus
1106 1046 1229 1090 vobis
1255 1045 1433 1091 fratrem

54 1129 96 1164 et
116 1118 422 1181 coepiscopum
440 1134 583 1161 meum
600 1116 853 1161 Deuterium
882 1115 1122 1175 obstringo,
1147 1127 1193 1161 ut
1217 1117 1428 1179 quemad*

52 1188 233 1234 modum
254 1190 303 1233 fit
325 1188 440 1251 apud
468 1188 774 1247 (Iarthaginem
793 1224 802 1241 ,
847 1186 963 1249 apud
986 1186 1268 1246 'l'liagastem,
1313 1188 1430 1250 apud

51 1260 399 1314 Constantinam,
426 1258 545 1321 apud
569 1259 846 1321 Hipponem,
875 1256 993 1319 apud
1037 1274 1183 1302 omnes
1207 1258 1432 1317 diligentes

50 1331 266 1385 ecclesias,
294 1331 353 1376 sic
367 1330 494 1375 etiam
521 1329 724 1392 deinceps
745 1329 883 1374 lacere
908 1346 994 1372 non
1012 1328 1228 1391 pigrescat
1254 1347 1264 1373 ε
1295 1340 1339 1375 ut
1361 1348 1434 1375 an-

51 1404 116 1448 nis
135 1403 338 1448 omnibus
364 1420 440 1465 per
472 1401 739 1461 jeJmiiorum
764 1400 878 1455 dies,
906 1400 950 1445 id
990 1411 1077 1454 est,
1106 1401 1433 1462 quadragesima

52 1485 150 1518 ante
169 1473 356 1528 Pascha,
382 1472 686 1534 quandovobis
711 1471 890 1515 maxime
919 1472 1220 1530 jejunantibus
1245 1473 1341 1534 plus
1358 1491 1428 1518 va·

49 1555 119 1589 cat
148 1544 315 1598 audire,
352 1542 501 1588 eadem
521 1553 635 1601 gesta
659 1541 911 1587 Collationis
944 1558 1021 1603 per
1045 1559 1178 1587 annos
1214 1543 1423 1601 singulos,

52 1615 248 1660 universa
270 1632 292 1659 a
316 1613 458 1676 capite
494 1613 538 1657 in
564 1614 694 1657 finem
724 1630 769 1656 ex
794 1611 945 1656 ordine
975 1612 1223 1658 recitentur.
1266 1615 1430 1661 'samen

52 1696 101 1730 ut
121 1684 264 1730 dicere
299 1701 539 1746 coeperam,
566 1683 667 1745 quia
693 1700 780 1726 non
806 1682 950 1726 onmia
974 1683 1097 1727 vobis
1125 1682 1254 1727 modo
1292 1683 1429 1743 legere

52 1773 281 1819 possumus
300 1792 310 1805 ,
356 1754 596 1814 dignamini
642 1754 762 1816 prius
809 1753 956 1798 audire
998 1764 1095 1798 ante
1144 1754 1431 1800 (jollationem

52 1843 159 1890 quas
199 1826 364 1871 litteras
405 1824 651 1869 dederimus
681 1824 735 1869 ad
776 1824 1080 1882 Cognitorem,
1115 1825 1189 1869 ubi
1227 1827 1432 1888 promisi-

52 1914 166 1953 mus,
191 1896 256 1942 vel
280 1895 651 1959 quemadmodum
676 1895 837 1957 suscipi
868 1895 1097 1951 vellemus,
1128 1896 1160 1940 si
1190 1897 1293 1941 victi
1322 1897 1432 1942 fuis-

53 1986 218 2025 semus,
248 1968 312 2013 vel
338 1966 711 2030 quemadmodum
752 1984 820 2011 eos
853 1968 1185 2029 susciperemus.
1215 1969 1246 2012 si
1284 1969 1435 2014 vinee-

51 2056 212 2093 remus,
242 2050 289 2084 ut
306 2038 523 2083 videretur
541 2038 688 2083 nonin
714 2037 1006 2093 contentione,
1031 2038 1101 2082 sed
1122 2038 1165 2082 in
1189 2039 1433 2084 humilitate

54 2126 141 2155 esse
163 2109 361 2155 victoria.

120 2180 170 2226 V.
204 2179 386 2242 Alypius
423 2178 654 2240 episcopus
696 2177 905 2222 Ecclesiae
937 2177 1171 2223 catholicae
1207 2179 1435 2241 epistolam

55 2250 277 2296 recitavit:
300 2271 319 2289 s<
346 2249 629 2293 {loson-isim
649 2266 698 2293 ac
724 2247 1006 2292 dilectissimo
1036 2247 1143 2301 filio,
1169 2250 1261 2293 viro
1284 2250 1437 2296 claris—

56 2322 163 2366 simo
183 2331 222 2365 et
237 2318 465 2383 spectabili
483 2319 659 2363 tribuno
677 2330 717 2363 et
740 2319 906 2363 notario
927 2318 1192 2365 Marcellino.
1221 2321 1434 2379 Aurelius,

59 2392 291 2456 Sylvanus,
312 2402 354 2436 et
381 2390 565 2435 universi
589 2391 785 2453 episcopi
820 2389 1041 2436 catholici.
1074 2390 1229 2435 Edicto
1255 2392 1439 2455 Specta-

56 2463 236 2510 bilitatis
262 2473 349 2510 tuae
374 2498 384 2517 ‚
415 2478 503 2526 quo
531 2472 689 2508 nostra:
710 2461 966 2508 Collationis
985 2460 1291 2524 tranquillitati
1313 2465 1439 2527 quie-

108 2547 118 2569 1
140 2549 234 2578 [οι-ιε
251 2546 353 2578 vietus
372 2545 519 2578 veritate.
