1763 2838
255 192 340 240 170
659 192 692 222 S.
736 191 978 224 AUGUSTINI
1016 194 1217 225 EPISCOPI

246 258 336 305 11116
376 258 633 323 episcopus,
667 258 884 321 perlatum
921 270 983 304 est
1015 261 1069 306 ad
1108 278 1184 306 nos
1217 262 1360 307 subito
1399 279 1497 308 eum
1535 279 1624 309 esse

251 336 521 394 praesentem.
558 332 611 375 Et
641 330 847 393 quoniam
887 330 1129 385 charitate,
1169 344 1298 395 quam
1332 328 1448 378 Deus
1483 332 1626 389 videt,

254 401 605 447 desiderabamus
629 405 717 461 ejus
743 402 1043 464 praesentifflm
1073 403 1127 448 ad
1149 421 1244 448 eum
1271 404 1507 449 videndum
1533 422 1632 450 con-

255 472 378 516 tinuo
405 471 728 517 convolavimus
754 490 762 516 :
788 474 1032 518 invenimus
1056 491 1152 519 eum
1188 485 1370 520 stantem
1404 476 1445 519 in
1469 475 1626 538 platea.

258 544 387 586 Facta
423 541 607 586 invicem
649 540 903 587 salutatione
924 580 934 591 ,
964 541 1284 599 admonuimus,
1319 544 1434 608 quod
1475 544 1634 590 durum

257 622 362 657 esset
391 629 438 656 ac
461 622 585 675 turpe
610 629 704 657 eum
741 615 783 658 in
821 613 960 675 platea
994 631 1228 669 remanere,
1266 625 1314 659 ut
1334 614 1388 659 ad
1413 615 1636 660 eeclesiam

256 682 485 727 nobiscum
503 683 680 729 veniret.
715 686 770 729 At
791 684 862 729 ille
883 684 1007 728 nobis
1024 685 1111 729 sine
1133 684 1219 729 ulla
1243 687 1510 731 recusatione
1530 702 1639 731 con-

256 753 385 798 sensit
409 771 418 797 :
448 754 523 798 ubi
547 771 621 799 nos
646 755 896 817 putavimus
914 772 1010 799 eum
1031 756 1091 800 ita
1112 756 1466 801 communionem
1488 756 1638 801 catho‹

258 823 386 868 licam
414 841 501 868 non
524 836 839 881 recusaturum,
871 825 1239 889 quemadmodum
1265 826 1331 872 vel
1355 838 1641 890 spontaneum

263 893 423 938 obtulit
447 893 700 949 adventum,
728 895 794 941 vel
821 895 876 941 ad
901 895 1123 941 eeclesiam
1144 897 1288 942 venire
1311 897 1487 943 minime
1507 897 1644 943 dubi-

265 964 385 1008 tavit.
424 963 504 1008 lllo
529 975 671 1009 autem
692 965 737 1010 in
760 967 1035 1028 perversitate
1059 967 1280 1020 haeretica,
1309 968 1506 1029 quamvis
1528 969 1643 1013 intra

264 1033 486 1078 ecclesiam
508 1035 790 1092 catholicam,
814 1031 978 1082 diutius
1014 1048 1273 1092 remorante,
1303 1038 1518 1083 allocutus
1550 1054 1645 1083 sum

267 1104 541 1150 dilectionem
582 1117 784 1157 vestram,
823 1107 936 1152 sicut
958 1107 1198 1152 meminisse
1219 1107 1474 1167 dignamini.
1508 1107 1649 1153 Multa

269 1173 355 1219 dixi
379 1191 478 1237 quae
505 1175 700 1231 audistis,
729 1188 770 1222 et
807 1195 907 1239 quze
944 1178 1032 1222 sine
1058 1177 1196 1223 dubio
1221 1189 1433 1241 quantum
1472 1178 1649 1241 potestis

269 1245 397 1290 etiam
426 1247 678 1292 meministis
705 1266 715 1292 ι
742 1248 880 1293 multa
913 1248 966 1293 de
996 1265 1127 1311 pace,
1166 1248 1303 1293 multa
1328 1248 1381 1293 de
1416 1249 1646 1304 charitate,

270 1316 407 1361 multa
425 1315 478 1362 de
501 1327 664 1363 sanctae
690 1318 896 1363 Eeclesiae
918 1318 1165 1374 catholicas,
1193 1336 1324 1383 quam
1348 1317 1463 1364 Deus
1481 1318 1652 1382 promi-

264 1388 318 1432 sit
341 1388 612 1450 etpraestitit,
642 1389 819 1435 unitate.
852 1390 903 1434 In
928 1405 1015 1452 quo
1041 1407 1134 1434 meo
1157 1406 1350 1435 sermone
1375 1399 1416 1434 et
1441 1406 1517 1434 vos
1542 1385 1653 1434 allo-

272 1459 454 1520 quebar,
478 1466 519 1503 et
536 1458 659 1503 illum
681 1460 968 1513 exhortabar3
990 1469 1030 1505 et
1054 1470 1267 1524 quantum
1292 1460 1337 1504 in
1359 1476 1426 1504 me
1449 1463 1655 1522 poterant

274 1529 436 1574 viscera
463 1528 707 1586 charitatis,
733 1547 880 1575 omnes
898 1531 943 1575 in
963 1530 1159 1594 periculo
1187 1531 1344 1576 animae
1374 1537 1465 1575 suae
1488 1529 1655 1575 consti-

275 1609 391 1644 tutos
409 1600 454 1644 in
475 1598 549 1644 illo
571 1617 664 1645 meo
687 1615 879 1646 sermone
896 1599 1213 1663 parturiebam,
1240 1610 1283 1645 et
1301 1605 1452 1663 Parere
1469 1598 1656 1644 Domino

278 1670 524 1733 cupiebam.
550 1669 645 1716 Hoe
664 1671 777 1715 enim
796 1681 837 1716 et
856 1670 1006 1716 beatus
1022 1670 1181 1716 Paulus
1197 1669 1416 1734 apostolus
1436 1666 1542 1715 dixit
1555 1670 1658 1732 qui-

279 1740 465 1786 busdam
490 1758 499 1785 ε
522 1762 541 1782 α
566 1738 705 1785 Filioli
722 1742 822 1796 mei,
840 1758 949 1805 quos
964 1742 1120 1786 iterum
1139 1740 1337 1804 ‘parturio
1358 1736 1495 1785 donec
1511 1738 1658 1784 Chris-

280 1833 300 1852 »
322 1821 390 1856 tus
428 1810 636 1857 formetur
660 1812 704 1857 in
729 1813 854 1858 vobis
879 1811 913 1859 1.
946 1835 965 1854 »
997 1811 1081 1857 Sed
1116 1813 1243 1857 etiam
1286 1821 1385 1874 post
1417 1826 1658 1856 sermonem

280 1891 474 1927 nostrum
500 1899 600 1927 cum
614 1882 760 1928 adhuc
784 1883 826 1927 111
845 1882 917 1928 illa
932 1899 1006 1927 sua
1027 1879 1282 1945 perduraret
1300 1881 1557 1944 pertinacia,
1580 1895 1660 1924 nec

281 1951 341 1997 sie
356 1951 676 2016 desperandum
696 1953 947 2017 putavimus
967 1970 977 1997 ε
996 1952 1066 1998 sed
1090 1968 1168 1997 nee
1189 1950 1242 1996 de
1261 1960 1500 2013 quoquam,
1524 1959 1660 2012 quan·

279 2022 356 2067 diu
379 2023 486 2069 vivit
521 2023 565 2068 in
592 2024 677 2069 hoe
722 2040 929 2087 corpore,
971 2023 1148 2068 homine
1173 2019 1494 2083 desperandum
1531 2029 1663 2083 puta-

281 2105 390 2140 mUS.
424 2095 572 2157 Neque
591 2095 703 2139 enim
733 2095 810 2147 sie,
841 2093 927 2138 dixi
947 2091 1257 2138 nudiustertius
1299 2108 1366 2136 1116
1386 2107 1474 2135 non
1503 2088 1661 2152 despe-

284 2178 411 2213 rasse,
437 2175 484 2209 ut
510 2164 640 2210 hodie
665 2164 844 2210 audeam
866 2164 1106 2228 desperare.

353 2235 410 2280 ll.
436 2234 517 2279 Sed
541 2235 594 2279 ad
614 2235 733 2280 1111116
756 2233 986 2280 articulum
1004 2251 1131 2279 causa
1150 2232 1363 2296 perducta
1380 2241 1458 2286 est,
1487 2239 1536 2275 ut
1557 2237 1664 2291 quo-

287 2304 401 2349 niam
428 2305 569 2359 venit,
604 2312 644 2350 et
668 2315 879 2369 quantum
901 2304 1181 2364 cognovimus
1197 2341 1207 2358 ,
1239 2313 1392 2366 sponte
1411 2301 1550 2355 venit,
1576 2316 1664 2344 non

290 2375 342 2419 sit
369 2374 474 2419 huic
494 2375 684 2421 ecclesiae
726 2376 1019 2421 infructuosus
1046 2379 1136 2434 ejus
1173 2374 1397 2419 adventus.
1441 2372 1528 2416 Aut
1550 2369 1665 2415 enim

289 2444 409 2509 quod
433 2446 566 2505 magis
603 2455 805 2510 optamus
836 2457 879 2492 et
911 2446 1131 2509 cupimus,
1157 2445 1286 2491 etiam
1317 2443 1370 2489 de
1391 2438 1506 2488 illius
1530 2439 1666 2487 salute

340 2528 349 2550 ¹
370 2528 542 2570 Galat.1v‚
571 2540 624 2570 ¹9·
