1763 2838
242 114 333 159 312
646 129 680 159 s,
722 128 967 160 Aucusrlm
1002 129 1203 161 EP1scor>1

243 214 264 233 »
287 192 448 237 librum
466 228 476 245 ‚
503 202 544 236 et
567 192 732 254 aperire
755 193 973 252 signacula
995 199 1085 254 eJ'us
1100 232 1111 252 ,
1139 195 1344 258 quoniam
1369 194 1533 240 occisus
1551 210 1611 250 es,

245 283 264 302 »
289 272 329 305 et
353 261 568 306 redemisti
592 279 668 307 nos
693 264 784 308 Deo
814 263 859 308 in
884 264 1087 323 sanguine
1108 276 1210 321 tuo,
1238 264 1291 310 de
1322 265 1441 310 omni
1464 274 1585 324 gente
1601 300 1612 320 ,

248 353 268 374 »
292 342 333 376 et
354 332 526 391 lingua,
549 342 591 377 et
613 333 781 396 populo
803 371 813 389 ‚
835 345 878 379 et
902 335 1120 382 11ati0ne1.
1147 357 1167 377 »

310 403 408 447 Lll.
452 403 559 446 Item
584 402 629 447 in
665 404 845 449 Actibus
873 405 1178 467 Apostolorum
1198 443 1208 461 ‚
1230 406 1502 468 Inceptorem
1517 404 1619 450 vitae

246 474 398 517 Petrus
421 472 641 534 apostolus
668 473 774 519 dixit
807 492 891 519 esse
917 475 1152 520 Dominum
1187 477 1334 520 Jesum
1354 512 1365 529 ‚
1392 475 1621 538 increpans

248 542 425 587 Judaoos
450 543 570 605 quod
594 543 852 589 occidissent
868 562 966 589 eum
981 581 991 600 ,
1022 545 1080 590 ita
1099 545 1280 608 loquens
1302 563 1312 590 ε
1334 566 1353 586 «
1373 544 1458 589 Vos
1478 555 1622 589 autem

250 634 269 653 n
296 612 503 657 Sanctum
520 623 561 657 et
581 616 752 659 Justum
773 615 1063 660 inhonorastis
1082 652 1092 667 ‚
1113 626 1155 660 et
1180 616 1361 675 negastis
1379 653 1390 672 ‚
1406 625 1448 660 et
1469 625 1627 678 postu-

250 706 269 725 »
292 683 408 729 lastis
433 684 652 729 hominem
670 685 939 731 homicidam
962 687 1103 731 vivere
1122 697 1163 732 et
1184 686 1335 731 donari
1350 686 1474 732 vobis
1493 703 1504 730 ε
1527 702 1626 729 nam

251 777 270 795 »
299 756 571 816 Inceptorem
600 756 700 800 vitae
732 757 950 801 occidistis
966 758 998 803 2.
1026 778 1045 798 »
1078 758 1134 802 Et
1158 757 1239 802 alio
1264 757 1360 802 loco
1383 774 1393 801 ε
1419 777 1438 798 «
1461 756 1545 800 Hic
1569 764 1629 800 est.

256 847 275 865 »
300 825 409 887 lapis
435 826 694 887 reprobatus
721 844 741 871 a
776 826 899 870 vobis
932 826 1277 882 aedificantibus,
1304 827 1380 890 qui
1405 825 1546 871 factus
1569 834 1631 869 est

254 917 275 937 ›>
298 895 343 940 in
367 906 501 957 caput
522 896 682 954 anguli.
714 897 811 940 Non
836 907 897 941 est
917 897 1029 941 enim
1067 897 1184 942 aliud
1216 914 1374 942 nomen
1404 897 1486 941 sub
1519 894 1632 940 coelo

257 988 277 1006 »
304 965 456 1010 datum
483 966 767 1020 hominibus,
797 967 840 1010 in
864 984 950 1030 quo
969 978 1167 1029 oporteat
1192 967 1328 1012 salvos
1345 967 1435 1011 fieri
1458 965 1583 1010 nos3.
1608 986 1629 1006 »

260 1037 316 1080 Et
337 1035 441 1080 alibi
463 1053 473 1080 :
497 1057 516 1076 «
539 1037 650 1080 Deus
671 1047 845 1098 patrum
871 1037 1092 1082 suscitavit
1118 1041 1261 1081 Jesum
1280 1073 1290 1091 ‚
1312 1052 1443 1099 quem
1471 1051 1547 1079 vos
1566 1033 1637 1079 in-

262 1127 281 1146 »
307 1105 530 1150 terfecistis
570 1107 877 1169 suspendentes
915 1108 957 1151 in
990 1107 1123 1167 ligno.
1150 1108 1281 1152 Hunc
1305 1107 1421 1151 Deus
1462 1104 1637 1150 Princi-

264 1198 284 1215 v
309 1193 406 1238 pem
433 1187 474 1220 et
505 1176 770 1221 Salvatorem
809 1177 1009 1222 exaltavit
1047 1177 1182 1236 gloria
1217 1194 1316 1231 sua,
1354 1176 1455 1221 dare
1489 1174 1639 1237 poeni-

262 1268 282 1287 »
309 1246 486 1290 tentiam
532 1247 662 1291 lsrael
695 1258 735 1292 et
771 1247 1059 1291 remissionem
1093 1257 1374 1309 pcccatorum
1400 1246 1443 1290 in
1470 1244 1587 1291 illol‘.
1620 1266 1640 1285 »

267 1318 373 1361 Item
417 1316 499 1361 alio
537 1317 634 1362 loco
668 1336 678 1362 :
709 1339 726 1355 a
753 1317 868 1362 Huic
901 1334 1046 1362 omnes
1078 1317 1312 1379 Prophetae
1348 1314 1643 1361 testimonium

269 1409 288 1427 »
316 1386 550 1448 perhibent
571 1424 580 1441 ‚
610 1387 901 1432 remissionem
921 1397 1201 1449 peccatorum
1230 1387 1427 1449 accipere
1447 1402 1525 1448 per
1547 1401 1644 1429 ma-

273 1478 292 1498 »
321 1473 423 1500 num
450 1456 564 1501 illius
595 1474 766 1502 omnem
805 1456 1049 1502 credentem
1080 1458 1124 1503 in
1144 1457 1289 1504 eum5.
1314 1479 1334 1498 ,υ
1357 1458 1464 1501 Item
1499 1455 1543 1500 in
1571 1471 1646 1500 eo-

272 1526 367 1571 dem
400 1526 514 1571 libro
556 1527 776 1589 apostolus
816 1527 978 1572 Paulus
1009 1545 1019 1571 :
1057 1550 1075 1567 <‹
1100 1529 1260 1572 Notum
1297 1544 1396 1586 ergo
1422 1526 1475 1571 sit
1496 1525 1644 1579 vobis,

273 1619 291 1637 »
315 1596 483 1658 inquit,
509 1596 591 1641 viri
628 1595 802 1652 fratres,
829 1596 1034 1660 quoniam
1067 1615 1144 1660 per
1163 1598 1286 1642 hunc
1313 1597 1437 1641 vobis
1461 1594 1649 1640 remissio

274 1689 294 1707 ))
321 1676 600 1728 peccatorum
626 1667 910 1712 annuntiatur
934 1667 989 1711 ab
1012 1668 1216 1712 omnibus
1236 1704 1246 1722 ‚
1278 1666 1438 1730 quibus
1458 1681 1544 1709 non
1567 1680 1652 1726 po-

277 1758 296 1777 »
322 1736 463 1781 tuistis
481 1735 523 1780 in
545 1735 635 1795 lege
662 1738 801 1799 Moysi
823 1737 1080 1796 justificari,
1116 1739 1160 1782 in
1193 1738 1279 1782 hoc
1308 1736 1447 1782 omnis
1476 1734 1653 1780 credens

278 1828 298 1847 ›>
318 1806 627 1865 justificatur‘2.
660 1828 678 1847 >³

343 1878 463 1924 Llll.
507 1877 604 1921 Hoc
631 1886 749 1922 tanto
770 1893 918 1935 aggere
943 1877 1313 1931 testimoniorum,
1344 1878 1469 1934 cujus
1496 1873 1655 1918 adver-

281 1963 350 1992 sus
371 1946 592 1990 veritatem
617 1947 699 1991 Dei
723 1946 849 1991 elatio
874 1964 959 1992 non
979 1949 1235 2010 prematur?
1258 1957 1299 1991 et
1320 1944 1455 1990 multa
1479 1942 1656 2007 quidem

282 2016 362 2060 alia
378 2016 554 2079 reperiri
572 2026 774 2078 possunt,
794 2015 866 2061 sed
881 2017 1112 2062 etsmiendi
1132 2017 1265 2077 hujus
1286 2015 1427 2079 operis
1450 2031 1553 2060 cura
1570 2030 1658 2058 non

284 2085 547 2145 negligenter
572 2086 775 2131 habenda
799 2096 873 2132 est.
909 2087 971 2131 De
987 2086 1110 2132 libris
1133 2103 1307 2150 quoque
1331 2085 1492 2131 Veteris
1513 2085 1660 2128 Testa-

285 2157 417 2201 menti
442 2156 597 2202 multas
615 2158 946 2202 contestationes
975 2157 1224 2203 divinorum
1243 2156 1514 2219 eloquiorum
1537 2153 1661 2199 adhi-

285 2227 385 2271 here
404 2226 448 2271 in
472 2227 587 2272 hanc
610 2228 861 2272 sententiam
881 2244 1248 2290 supervacaneum
1269 2226 1445 2290 putavi,
1467 2223 1663 2289 quando-

283 2296 460 2359 quidem
497 2297 541 2342 in
581 2297 664 2342 illis
705 2298 823 2361 quod
862 2298 1109 2343 occultatur
1149 2299 1229 2343 sul)
1268 2297 1508 2343 velamento
1544 2293 1664 2341 velut

335 2393 344 2412 ¹
366 2394 466 2433 Apoc.
491 2404 520 2426 v,
540 2405 558 2433 ι)
601 2411 645 2416 -
668 2391 683 2414 2
701 2397 846 2432 Act.1u,
870 2401 921 2430 14.
941 2390 1016 2419 —3
1034 2393 1142 2433 ld.1v‚
1165 2405 1218 2427 11.
1237 2412 1278 2419 —
1298 2390 1312 2415 ⁴
1338 2392 1387 2425 Id.
1408 2403 1435 2430 ν,
1453 2393 1506 2423 30.
1522 2387 1592 2413 —5
1611 2390 1663 2422 Id·

287 2455 316 2480 x,
337 2445 394 2479 43.
413 2440 543 2475 ——51d.
566 2455 643 2481 xm,
659 2446 713 2476 38.
