1763 2838
306 123 399 181 254
713 134 748 168 s,
791 134 1032 168 Auensnm
1069 134 1271 168 Erlscori

304 205 543 252 Gentilium
579 203 802 263 sacrilegio
828 203 1061 267 Apostolus
1097 221 1185 250 non
1210 203 1452 261 rescindat,
1486 205 1595 269 quid
1623 205 1675 252 de

302 292 452 321 eorum
493 273 675 339 profano
712 275 799 320 ritu
840 291 928 319 non
963 274 1153 321 damnet.
1185 297 1204 316 ›>
1229 275 1364 331 Quasi
1388 287 1531 338 posset
1554 275 1674 340 quod

301 348 557 407 sacrilegum
585 355 646 390 est
675 356 717 390 et
744 346 978 409 profanum
1004 363 1091 391 non
1125 346 1363 392 rescindere
1396 357 1524 409 atque
1548 347 1676 392 dani-

303 434 421 473 nare,
447 417 559 462 sicut
576 433 654 461 nos
671 417 858 462 schisma
879 427 1067 462 vestrum
1081 427 1122 462 et
1139 417 1336 462 haeresim
1356 428 1553 464 vestram.
1575 418 1677 462 Sen-

301 488 457 533 tentias
490 497 633 532 tamen
652 487 860 550 quasdam
882 486 1073 532 veritatis
1091 523 1101 542 ‚
1125 503 1232 549 quas
1258 486 1311 531 de
1341 487 1561 546 incognito
1583 492 1676 533 Deo

300 557 479 621 quidam
514 558 752 603 Gentilium
789 558 1047 621 philosophi
1084 568 1252 613 tenent,
1288 574 1374 602 non
1410 558 1550 604 solum
1587 574 1675 604 non

300 629 509 673 destruxit
552 628 809 692 Apostolus,
839 628 910 673 sed
940 628 1067 673 etiam
1098 628 1199 672 inde
1228 629 1541 685 testimonium,
1575 645 1676 675 cum

300 715 411 761 opus
433 708 538 743 esset
557 736 567 753 ‚
595 699 816 745 adhibuit.
849 701 1051 761 Loquens
1069 698 1238 761 quippe
1262 698 1598 744 Atheniensibus
1617 700 1676 744 ait

300 768 353 812 de
372 770 491 814 Deo:
517 789 535 809 α
560 770 610 813 ln
633 769 707 814 illo
733 770 849 813 enim
871 769 1058 814 vivimus
1073 773 1146 823 ‚et
1170 784 1412 824 movemur,
1431 780 1473 814 et
1495 786 1644 815 sumus
1660 807 1670 821 ,

299 857 321 880 »
345 839 456 883 sicut
488 848 531 883 et
561 839 742 899 quidam
775 839 1015 885 secundum
1049 855 1126 885 vos
1151 837 1391 885 dixerunt1.
1413 859 1435 881 »
1458 839 1581 885 Hanc
1612 839 1676 885 illi

299 909 523 954 veritatem
549 910 773 973 sapientire
788 947 797 964 ‚
820 925 951 972 quam
977 911 1127 954 beatus
1146 910 1308 955 Paulus
1326 927 1415 955 non
1429 909 1566 955 solum
1585 927 1674 955 non

298 978 575 1035 destruebat,
606 980 888 1025 verumetiam
917 980 969 1025 ad
990 980 1083 1025 illos
1101 980 1376 1025 instruendos
1400 980 1669 1038 adhibebat,

297 1051 342 1095 in
375 1050 602 1113 iniquitate
629 1050 883 1096 detinebant
902 1068 990 1096 suae
1014 1050 1294 1107 idololatriae,
1321 1067 1451 1114 quam
1475 1050 1673 1097 doctrina

299 1122 552 1184 Apostolica
590 1122 953 1167 machinamentis
991 1121 1250 1185 Apostolicis
1275 1121 1507 1167 evertebat.
1545 1123 1608 1166 lta
1631 1132 1674 1167 et

297 1209 375 1237 nos
393 1229 404 1248 ‚
431 1209 530 1256 quae
551 1193 596 1237 in
622 1193 811 1238 Ecclesia
837 1193 1053 1238 catholica
1075 1211 1173 1238 vera
1199 1197 1382 1252 majores
1405 1193 1534 1238 vestri
1554 1209 1672 1239 acce-

295 1273 483 1326 pertint,
524 1263 735 1325 vobisque
775 1263 1050 1308 tradiderunt
1069 1302 1078 1319 ‚
1126 1281 1211 1308 non
1249 1263 1532 1309 rescindimus
1549 1300 1559 1319 ,
1597 1263 1672 1308 sed

297 1333 605 1392 agnoscimus:
634 1343 824 1381 vestrum
861 1350 962 1379 vero
1006 1334 1301 1393 sacrilegium,
1341 1344 1415 1378 aut
1448 1334 1490 1378 in
1532 1345 1671 1379 vestra

295 1403 574 1448 conversione
594 1403 879 1448 rescindimus
897 1441 907 1460 ,
941 1414 1013 1449 aut
1040 1405 1084 1449 in
1104 1414 1241 1449 xestra
1260 1404 1499 1466 pertinacia
1527 1403 1671 1449 detes—

295 1483 454 1519 tamur.

360 1545 461 1589 Ml.
506 1544 772 1606 Quanquam
812 1553 948 1588 totam
984 1544 1271 1606 qtiaestioncm
1290 1580 1300 1599 ‚
1324 1554 1366 1588 et
1388 1554 1527 1589 totum
1550 1544 1670 1607 quod

293 1614 404 1659 inter
423 1631 499 1658 nos
514 1614 672 1673 agitur,
702 1630 788 1658 uno
809 1614 943 1659 verbo
965 1614 1151 1658 Tribuni
1172 1614 1270 1658 satis
1289 1612 1516 1673 diligenter
1533 1631 1669 1677 expo—

293 1684 375 1729 sito
394 1721 404 1737 ‚
430 1685 608 1729 omnino
642 1683 818 1730 solvisti.
852 1687 964 1729 (ilum
991 1685 1102 1729 enim
1131 1701 1206 1743 ego
1232 1684 1427 1729 dixissem
1449 1700 1460 1728 t
1483 1685 1669 1747 «Neque

292 1754 441 1800 hocin
459 1754 644 1799 Tribuni
666 1755 839 1799 Litteris
856 1754 1029 1814 legitur.
1055 1774 1077 1799 a
1102 1766 1140 1800 te
1160 1756 1203 1799 in
1225 1755 1400 1799 veritate
1415 1755 1668 1800 invocatum

292 1841 451 1870 nomen
473 1826 573 1878 Dei3
593 1846 611 1865 ›>
636 1824 738 1887 quia
760 1824 903 1886 ipsum
931 1842 1104 1887 prorsus
1129 1825 1339 1870 verbumst
1364 1824 1426 1869 ibi
1452 1841 1539 1869 non
1559 1824 1667 1884 lege-

293 1911 385 1940 ram
413 1912 424 1939 :
454 1905 501 1939 tu
527 1894 785 1957 respondisti
820 1911 830 1938 :
865 1915 885 1935 «
909 1895 1109 1950 Falleris,
1136 1894 1203 1939 vel
1233 1894 1379 1956 potius
1402 1894 1526 1940 fallis.
1556 1895 1666 1953 Nam

292 1966 424 2011 verba
448 1965 635 2009 Tribuni
659 1975 786 2009 sunt:
813 1964 927 2010 Neve
954 1976 1121 2010 tantum
1148 1982 1258 2027 opus
1282 1965 1437 2010 domus
1463 1965 1662 2020 Domini,

293 2038 369 2082 ubi
391 2055 413 2082 a
440 2047 478 2081 te
499 2036 657 2099 saepius
677 2037 752 2081 Dei
769 2046 811 2080 et
831 2036 993 2081 Christi
1013 2041 1047 2095 ej
1057 2053 1103 2081 us
1129 2037 1379 2081 invocatum
1401 2053 1557 2081 nomen
1575 2048 1662 2093 est,

291 2124 371 2171 per
406 2109 652 2167 religionem
675 2117 793 2151 tuam
814 2106 977 2152 ibidem
1000 2108 1277 2154 constitutam
1298 2144 1307 2161 ³
1343 2118 1665 2153 concrematum

292 2195 379 2224 esse
399 2179 583 2223 dicatur.
623 2178 817 2236 intellige
847 2179 946 2240 quia
972 2179 1015 2223 in
1052 2179 1228 2224 veritate
1252 2179 1400 2238 religio
1418 2177 1596 2234 dicitur,
1620 2179 1665 2223 in

291 2249 460 2294 fallacia
477 2247 726 2310 superstitio
751 2251 1013 2294 nominatur.
1039 2271 1056 2288 u
1077 2249 1265 2304 Quando
1297 2265 1373 2307 ego
1394 2248 1437 2293 id
1466 2247 1665 2293 adverte-

292 2318 607 2381 remeuando
629 2317 689 2362 ita
715 2318 1022 2363 ratiocinarer?
1055 2319 1242 2375 Quando
1271 2318 1390 2364 aliud
1423 2335 1470 2362 ex
1497 2317 1580 2363 alio
1602 2319 1664 2364 sic

291 2390 558 2454 probarem?
583 2392 752 2445 Fateor,
778 2388 891 2449 fugit
923 2389 1008 2435 boc
1027 2390 1162 2436 aciem
1186 2389 1577 2454 quantulicumque
1598 2390 1664 2436 in-

338 2474 349 2497 ¹
369 2476 440 2507 Act.
460 2483 544 2517 xvn,
561 2474 602 2503 28
617 2488 680 2505 .—
698 2471 713 2495 ²
728 2473 854 2506 Scilicet
872 2472 905 2505 in
919 2473 1064 2506 veritate.
