1763 2838
287 171 380 217 306
710 184 744 212 S.
789 183 1033 213 Auensrlm
1071 182 1272 213 EPISCOPI

279 267 387 314 pore
407 249 556 295 mortis
576 249 708 308 hujus
728 286 738 303 ‚
767 259 816 294 ut
840 248 1004 311 possint
1028 250 1156 293 etiam
1191 248 1355 305 dicere,
1389 266 1476 295 non
1501 250 1558 295 eis
1582 267 1663 295 ne-

283 320 508 366 cessariam
525 319 707 379 gratiam
724 319 804 363 Dei
814 335 892 381 per
904 318 1050 362 Jesum
1064 318 1307 374 Christum,
1327 336 1412 382 qua
1426 319 1665 364 liberentur

283 390 337 436 de
356 407 537 452 corpore
558 389 706 434 mortis
731 388 878 448 hujus?
915 389 1023 432 Item
1049 387 1180 450 paulo
1200 399 1299 450 post
1323 407 1333 433 ε
1358 388 1525 445 «Quod
1550 390 1664 434 enim

285 483 306 502 »
328 459 595 522 impossibile
615 469 708 504 erat
729 458 834 518 legis
848 496 857 514 ‚
877 459 921 503 in
942 474 1028 520 quo
1047 458 1355 504 infirmabatur
1372 476 1450 522 per
1469 476 1661 516 carnem,

286 553 306 573 ))
333 532 448 575 Deus
478 529 633 575 Filium
655 546 780 574 suum
800 528 916 573 misit
936 527 980 572 in
1001 527 1284 572 similitudine
1305 528 1444 573 carnis
1461 529 1632 591 peccati
1649 565 1660 584 ‚

286 621 306 642 »
329 611 371 645 et
395 599 448 645 de
468 609 649 662 peccato
673 599 897 644 damnavit
929 607 1158 659 peccatum
1189 597 1233 641 in
1256 614 1383 642 carne
1397 597 1430 644 1.
1458 620 1477 639 υ
1501 598 1664 643 Dicant

283 671 360 732 qui
385 669 567 724 audent,
607 668 847 732 oportuisse
883 667 1001 711 nasci
1041 666 1269 711 Christum
1302 667 1345 712 in
1382 667 1664 713 similitudine

284 741 425 785 carnis
443 739 612 802 peccati
629 776 639 794 ‚
664 739 745 784 nisi
764 755 841 783 nos
857 737 947 782 nati
965 754 1149 782 essemus
1169 737 1211 781 in
1234 754 1361 782 carne
1384 738 1568 801 peccati.

348 809 505 855 XLIV.
538 810 646 853 Item
680 808 735 852 ad
767 807 1018 852 Corinthios
1046 825 1056 851 ι
1081 806 1298 852 «Tradidi
1320 808 1434 852 enim
1470 808 1592 853 iobis
1615 807 1662 852 in

279 902 299 922 n
319 880 489 943 primis,
517 879 676 942 inquit,
701 878 819 941 quod
841 888 880 922 et
912 878 1087 939 accepi,
1119 878 1221 940 quia
1245 877 1445 923 Christus
1468 886 1664 923 mortuus

280 972 300 991 η
321 961 381 995 est
401 966 481 1012 pro
520 948 710 1011 peccatis
748 947 902 991 nostris
925 947 1162 992 secundum
1186 947 1435 1009 Scripturas
1453 948 1487 994 2.
1512 970 1532 989 ›>
1556 950 1662 993 Item

281 1020 334 1066 ad
354 1020 525 1065 eosdem
546 1018 798 1064 Corinthios
814 1018 858 1062 in
875 1017 1063 1062 secunda
1080 1035 1090 1062 :
1112 1039 1131 1057 «
1150 1018 1351 1063 Charitas
1365 1018 1478 1063 enim
1499 1018 1663 1064 Christi

280 1090 544 1152 »compellit
568 1106 662 1141 nos,
694 1087 943 1147 judicantes
985 1087 1100 1143 hoc,
1129 1087 1336 1150 quoniam
1379 1088 1413 1132 si
1451 1104 1562 1132 unus
1583 1105 1663 1150 pro

281 1182 299 1202 »
321 1161 523 1205 omnibus
541 1169 737 1203 mortuus
765 1168 843 1213 est,
864 1173 963 1216 ergo
994 1173 1141 1202 omnes
1167 1157 1328 1202 mortui
1362 1167 1475 1203 sunt.
1505 1159 1558 1202 Et
1583 1175 1663 1220 pro

282 1253 300 1272 ›>
321 1231 524 1275 omnibus
549 1239 744 1273 mortuus
772 1238 833 1272 est
857 1227 1073 1282 Christus,
1102 1238 1150 1271 ut
1173 1228 1249 1289 qui
1274 1228 1443 1283 vivunt,
1459 1232 1548 1287 jam
1577 1245 1665 1272 non

283 1322 303 1343 »
325 1301 406 1346 sibi
430 1301 597 1350 vivant,
626 1298 698 1343 sed
725 1298 762 1343 ei
785 1298 861 1360 qui
882 1314 962 1359 pro
994 1296 1096 1359 ipsis
1121 1307 1315 1341 mortuus
1350 1307 1411 1342 est
1445 1308 1485 1342 et
1518 1314 1663 1343 resur—

284 1394 303 1412 »
328 1372 446 1416 rexit.
484 1372 637 1432 Itaque
657 1386 733 1412 nos
761 1386 783 1412 a
804 1367 933 1412 modo
958 1367 1173 1411 neminem
1199 1367 1397 1411 novimus
1424 1367 1662 1412 secundum

283 1464 303 1483 »
324 1457 497 1486 carnem
520 1457 530 1484 :
555 1449 595 1484 et
617 1439 649 1483 si
668 1454 925 1483 noveramus
950 1436 1188 1481 secundum
1209 1454 1382 1481 carnem
1402 1437 1628 1482 Christum
1650 1475 1660 1493 ‚

282 1535 301 1552 »
326 1511 397 1555 sed
412 1513 629 1568 nuncjam
645 1525 730 1553 non
749 1507 962 1552 novimus.
982 1506 1025 1551 Si
1043 1523 1126 1568 qua
1143 1506 1331 1565 igiturin
1353 1507 1528 1551 Christo
1548 1524 1659 1553 nova

278 1603 297 1621 »
324 1591 536 1633 creatura„
558 1589 701 1623 vetera
716 1577 996 1630 transierunt,
1014 1592 1112 1621 ecce
1130 1575 1245 1621 facta
1263 1587 1361 1620 sunt
1373 1577 1517 1621 omnia
1531 1594 1657 1624 nova.

281 1674 300 1692 »
332 1650 493 1696 Omnia
533 1659 674 1694 autem
711 1665 756 1693 ex
799 1649 887 1691 Deo
908 1684 917 1702 ‚
954 1647 1030 1709 qui
1056 1646 1354 1691 reconciliavit
1373 1663 1450 1692 nos
1485 1647 1568 1691 sibi
1587 1665 1664 1710 per

282 1744 302 1763 »
326 1721 571 1771 Christum,
599 1729 640 1763 et
660 1718 780 1762 dedit
819 1717 944 1762 nobis
971 1717 1256 1762 ministerium
1283 1716 1656 1763 reconciliationis.

283 1814 303 1833 »
329 1788 745 1847 Quemadmodum?
776 1787 878 1849 quia
898 1787 1015 1830 Deus
1040 1798 1131 1831 erat
1168 1787 1212 1831 in
1248 1787 1425 1832 Christo
1448 1786 1660 1831 mundum

281 1884 301 1903 ))
326 1858 608 1905 reconcilians
624 1857 723 1911 sibi,
744 1873 830 1901 non
848 1866 1053 1918 reputans
1070 1856 1153 1900 illis
1168 1856 1325 1900 delicta
1342 1873 1509 1911 eorum,
1531 1867 1571 1901 et
1587 1874 1662 1920 po-

283 1954 302 1973 »
326 1948 430 1976 nens
444 1930 489 1974 in
506 1927 634 1973 nobis
650 1927 833 1971 verbum
855 1925 1233 1971 reconciliationis.
1262 1929 1345 1970 Pro
1368 1926 1543 1971 Christo
1563 1944 1662 1986 ergo

282 2025 301 2043 »
326 2000 536 2061 legatione
555 1997 797 2056 fungimur,
831 2006 1032 2057 tanquam
1060 1997 1148 2041 Deo
1177 1996 1427 2040 exhortante
1447 2013 1525 2059 per
1548 2013 1626 2042 nos
1648 2015 1658 2040 ε

288 2095 307 2114 n
337 2072 612 2116 obsecramus
635 2084 715 2128 pro
737 2066 910 2111 Christo
933 2065 1200 2110 reconciliari
1218 2067 1324 2112 Deo,
1350 2066 1459 2111 Eum
1479 2066 1554 2128 qui
1575 2083 1661 2111 non

281 2166 301 2186 »
326 2150 504 2187 noverat
546 2147 773 2200 peccatum
789 2173 799 2187 ,
840 2152 920 2197 pro
945 2135 1070 2179 nobis
1100 2146 1328 2197 peccatum
1355 2133 1456 2180 fecit
1472 2172 1482 2190 ,
1517 2146 1563 2180 ut
1585 2153 1661 2181 nos

283 2237 302 2255 »
325 2207 635 2269 simusjustitia
661 2206 740 2250 Dei
764 2206 806 2249 in
828 2206 937 2266 ipso.
968 2206 1260 2266 Cooperantes
1295 2215 1434 2249 autem
1459 2216 1501 2249 et
1533 2222 1661 2265 roga-

282 2306 301 2324 »
329 2299 440 2330 mus,
459 2297 510 2324 ne
533 2279 578 2323 iu
596 2293 782 2323 vacuum
804 2275 983 2334 gratiam
1009 2275 1086 2318 Dei
1107 2275 1364 2337 suscipiatis.
1392 2275 1507 2319 Dicit
1523 2275 1656 2329 enim,

281 2375 302 2395 »
330 2354 543 2412 Tempore
570 2345 828 2408 acceptabili
866 2344 1063 2389 exaudivi
1089 2354 1127 2388 te
1147 2382 1157 2397 ,
1178 2355 1220 2389 et
1243 2339 1287 2388 in
1315 2344 1383 2389 die
1409 2344 1556 2389 salutis
1582 2344 1660 2389 ad—

282 2445 302 2466 »
321 2422 416 2482 juvi
434 2431 488 2465 te.
519 2421 625 2463 Ecce
642 2432 761 2462 nunc
786 2426 958 2478 tempus
980 2415 1267 2477 acceptabile,
1304 2431 1403 2459 ecce
1422 2431 1541 2459 nunc
1573 2414 1662 2460 dies

331 2506 340 2528 ¹
359 2509 454 2536 Rom,
478 2512 552 2539 vm,
573 2502 604 2533 3.
621 2498 695 2525 —2
720 2511 732 2529 1
751 2501 822 2529 Cor.
837 2507 888 2536 xv,
908 2499 938 2528 3.
967 2515 1008 2523 -—
1035 2494 1049 2519 3
1071 2508 1088 2528 2
1109 2498 1183 2530 Cor.
1210 2509 1241 2536 v,
1264 2498 1376 2532 14-30.
