1763 2838
286 220 346 268 58
707 234 747 264 S.
786 232 1028 265 Auensrrm
1059 235 1264 267 EPISCOPI

288 303 481 365 ipsorum
506 315 681 365 quoque
705 299 1030 345 Donatistarum
1062 301 1137 365 qui
1171 300 1381 365 quosdam
1415 316 1589 346 suorum
1615 297 1660 346 in

293 373 536 417 Maximiani
560 369 791 415 schismate
816 370 976 433 positos
996 383 1257 430 negaverunt
1277 371 1524 416 Maximiani
1551 387 1661 416 con-

292 443 457 503 tagione
479 441 700 504 pollutos:
734 440 798 485 illi
830 440 872 485 in
902 440 986 485 suis
1015 439 1166 487 litteris
1194 441 1245 487 ad
1277 442 1375 487 haec
1406 439 1662 504 respondere

291 514 435 558 conati
454 549 463 565 ,
486 512 538 556 de
559 510 790 573 Prophetis
808 548 818 566 ‚
841 521 880 555 et
901 510 952 555 de
974 512 1160 557 Domino
1187 512 1362 557 Christo
1381 522 1423 556 et
1450 508 1663 574 ApostoliS

291 583 601 645 quodcumque
626 581 824 626 dixerunt
845 599 854 626 z
880 582 932 626 de
956 583 1172 646 episcopis
1203 595 1344 629 autem
1368 593 1409 628 et
1433 582 1664 627 Maximia-

290 654 409 698 nistis
430 652 652 698 siluerunt.
687 653 737 696 ln
768 652 981 714 episcopis
1002 653 1113 697 enim
1140 653 1452 716 premebantur
1479 650 1662 697 auetori-

298 735 382 770 tate
408 723 645 786 Cypriani,
672 726 797 782 cujus
819 723 950 768 verba
979 740 1024 767 ex
1042 723 1222 786 epistola
1238 722 1253 751 1
1281 728 1371 783 ejus
1388 722 1555 786 prolata
1577 727 1665 766 (La-

294 795 447 840 tholiei
471 795 515 839 in
539 811 614 840 suo
634 793 839 839 mandato
862 805 1097 856 posuerunt
1116 815 1126 848 ;
1149 795 1308 858 quihus
1330 792 1666 839 manilestissime

294 865 626 920 ostendebatur,
665 874 705 908 et
734 864 990 927 praecepisse
1024 875 1068 909 nt
1102 883 1182 928 pro
1208 865 1373 910 unitate
1408 865 1452 909 in
1478 862 1668 908 Ecclesia

295 935 399 980 mali
422 935 735 990 tolerarentur,
764 952 843 980 nec
870 946 1048 998 propter
1082 937 1197 999 ipsos
1234 936 1424 981 Ecclesia
1448 934 1667 996 relinque-

296 1017 436 1060 retur3
456 1006 524 1051 et‘2
550 1005 759 1068 quosdam
782 1006 964 1065 collegas
981 1024 1078 1052 suos
1097 1008 1223 1052 etiam
1246 1008 1388 1069 ipsum
1404 1044 1414 1063 ‚
1436 1025 1456 1051 a
1481 1021 1670 1069 quorum

295 1076 417 1122 malis
450 1077 644 1121 moribus
680 1075 805 1135 longe
839 1076 1133 1131 abhorrebat,
1170 1087 1210 1121 et
1241 1076 1293 1122 de
1327 1093 1516 1139 quorum
1546 1074 1671 1119 factis

295 1148 489 1211 pessimis
509 1165 595 1192 non
623 1147 792 1191 tacebat
810 1183 819 1199 ‚
860 1147 901 1190 in
930 1147 1120 1193 Ecclesia
1147 1148 1358 1193 tolerasse.
1396 1146 1538 1206 Hujus
1571 1161 1670 1203 ergo

296 1219 551 1264 auctoritate
573 1217 766 1280 oppressi
789 1218 1027 1262 Donatistis*
1043 1255 1052 1273 ‚
1076 1236 1176 1263 cum
1198 1218 1249 1263 de
1269 1218 1503 1281 Prophetis
1524 1228 1566 1261 et
1586 1217 1672 1261 Do-

296 1289 414 1334 mino
441 1289 615 1334 Christo
634 1299 674 1333 et
701 1288 916 1350 Apostolis
938 1288 1099 1352 aliquid
1124 1289 1349 1343 dixissent,
1381 1287 1464 1333 ad3
1493 1287 1579 1332 hoc
1601 1296 1673 1331 ta-

297 1376 420 1414 men,
461 1377 548 1404 non
583 1358 829 1403 tolerandos
859 1358 903 1403 in
937 1359 1127 1404 Ecclesia
1164 1358 1396 1422 permixtos
1432 1356 1593 1413 malos,
1621 1355 1674 1402 de

296 1429 509 1493 episcopis
536 1429 713 1474 omnino
730 1428 842 1473 nihil
864 1428 1006 1474 dicere
1025 1429 1268 1476 voluerunt.
1303 1430 1356 1474 Et
1380 1440 1523 1473 tamen
1541 1427 1670 1472 etiam

296 1499 348 1544 de
372 1500 488 1544 Juda
510 1498 748 1544 traditores·
767 1536 777 1555 ‚
812 1510 853 1544 et
875 1499 928 1544 de
953 1499 1020 1545 his
1050 1517 1158 1563 quos
1189 1499 1351 1544 Paulus
1374 1498 1575 1543 toleravit
1598 1513 1675 1560 per

294 1569 505 1614 invidiam
539 1569 765 1614 Christum
803 1570 1165 1623 annuntiantess‘,
1201 1570 1293 1632 ipse
1327 1569 1576 1632 Cyprianus
1614 1567 1675 1613 sic

295 1639 526 1694 intellexit,
565 1640 625 1684 sie
665 1640 868 1702 scripsit,
903 1640 1274 1704 quemadmodum
1307 1656 1354 1684 ea
1389 1638 1609 1684 Catholici
1632 1638 1677 1683 in

296 1726 372 1755 suo
411 1710 616 1755 mandato
652 1721 892 1772 posuerunt
921 1728 931 1755 ι
964 1710 1083 1773 quod
1116 1722 1157 1756 et
1185 1710 1399 1755 Dominus
1434 1709 1595 1755 Judam
1621 1708 1676 1754 ad

296 1779 538 1842 exemplum
565 1780 775 1826 malorum
795 1780 840 1825 in
865 1781 1057 1826 Ecclesia
1077 1780 1401 1826 tolerandorum
1421 1779 1674 1844 pertulerim

298 1861 338 1896 et
364 1851 527 1896 Paulus
551 1868 620 1895 eos
640 1851 693 1896 de
716 1851 879 1915 quibus
905 1852 1005 1897 talia
1030 1852 1161 1908 dixit,
1185 1869 1273 1897 non
1297 1862 1412 1897 extra
1431 1888 1442 1908 ‚
1467 1850 1539 1897 sed
1565 1850 1679 1895 intra

300 1920 537 1966 Ecclesiam
562 1922 823 1968 sustinuerit.
856 1923 919 1967 De
940 1923 1264 1969 Maximianistis
1289 1933 1431 1968 autem
1456 1921 1563 1984 quid
1587 1938 1678 1966 res-

296 1991 566 2054 ponderent,
608 2009 708 2038 cum
746 1991 892 2037 adhuc
935 1993 1133 2038 homines
1166 1993 1385 2048 viverent,
1430 1992 1484 2037 de
1517 1991 1679 2054 quibus

296 2072 469 2124 possent
504 2063 768 2124 apertissime
802 2062 1092 2126 facillimeque
1124 2063 1359 2109 convinci?
1394 2061 1585 2107 Proinde
1623 2060 1679 2106 ad

297 2131 407 2177 illud
436 2132 553 2194 quod
581 2133 626 2177 in
662 2132 869 2178 mandato
893 2150 971 2178 suo
1004 2133 1224 2179 Catholici
1257 2133 1475 2187 dixerant,
1508 2131 1678 2177 eosdem

296 2202 635 2248 Maximianistas
659 2222 682 2249 a
708 2205 946 2249 Donatistis
974 2222 1052 2267 per
1077 2205 1246 2264 judicia
1279 2204 1460 2267 publiea
1489 2202 1679 2249 basilicis

296 2272 444 2335 pulsos
463 2309 473 2328 ‚
502 2283 740 2336 utcumque
760 2274 1020 2336 respondere
1045 2275 1191 2319 conati
1211 2286 1337 2331 sunt,
1363 2292 1451 2320 non
1471 2291 1512 2319 se
1530 2271 1678 2320 crimi-

296 2342 450 2388 naliter
481 2360 724 2399 accusasse,
757 2354 831 2388 aut
864 2344 918 2389 ad
949 2345 1302 2390 com‘nunionem
1339 2361 1457 2390 suam
1492 2344 1679 2389 invitum

299 2413 485 2477 aliquem
505 2414 693 2474 coegisse
716 2432 726 2459 x
753 2435 773 2455 «
793 2413 877 2460 Sed
897 2432 961 2460 res
988 2431 1084 2461 suas
1114 2415 1179 2461 vel
1202 2432 1378 2461 suorum
1405 2414 1591 2460 civiliter
1608 2430 1679 2458 re·-

339 2513 348 2534 ¹
368 2512 467 2553 Epist.
485 2511 521 2542 ad
545 2513 675 2544 Max³m.
696 2532 741 2537 —
756 2513 771 2535 2
791 2517 891 2545 Serm.
914 2515 952 2544 de
971 2515 1087 2558 Lapsis.
1105 2533 1151 2539 --
1176 2512 1191 2537 3
1207 2518 1298 2546 Foree
1317 2515 1354 2547 ad
1371 2513 1599 2546 ostendendum
1616 2523 1678 2544 nou

296 2565 489 2603 tolerandos,
508 2570 569 2596 ete.
590 2583 635 2589 —-
650 2563 664 2588 ⁴
681 2569 775 2598 Joan.
792 2578 832 2598 vr.
847 2584 893 2590 -—
906 2565 919 2589 ⁵
936 2568 1053 2611 Philip.
1076 2579 1087 2598 1
1099 2594 1106 2608 ‚
1128 2569 1180 2601 15.
