1763 2838
109 215 164 247 DE
201 214 493 246 PECCATORUM
528 213 706 245 MERITIS
741 215 796 246 ET
830 215 1118 258 REMISSIONE,
1156 216 1244 248 LIB.
1286 219 1316 251 1.
1391 221 1478 269 271

110 292 199 327 tare
223 281 388 345 possit,
414 279 582 326 etiamsi
617 279 762 344 aliquo
789 297 892 327 casu
928 281 1185 345 priusquam
1208 295 1384 343 aegrotet
1410 303 1489 332 oc-

107 352 317 399 cumbati)
341 351 413 397 Sic
445 361 486 396 et
522 350 634 397 illud
667 368 827 415 corpus
856 355 949 411 jam
985 363 1073 398 erat
1108 354 1321 400 mortale:
1354 371 1486 419 quam

107 422 417 468 mortalitatem
438 421 579 467 fuerat
602 421 890 486 absumptura
917 423 1101 469 mutatio
1118 423 1163 469 in
1183 435 1387 472 aeternam
1414 428 1486 473 in-

107 493 460 555 corruptionem,
489 491 523 537 si
544 491 588 537 in
607 491 784 538 homine
802 492 999 552 justitia,
1020 493 1066 538 id
1091 504 1180 551 est,
1209 495 1479 554 obedientia,

109 573 408 640 permaneret.
434 561 541 608 sed
530 579 672 625 lpsum
695 562 877 608 mortale
896 579 981 607 uon
999 573 1058 608 est
1077 532 1242 611 faetitm
1260 536 1483 613 mortuuni

106 633 186 678 nisi
210 644 392 697 propter
427 643 672 696 peecatum.
716 633 832 689 Quia
868 650 968 678 xero
992 633 1106 679 illa
1095 652 1140 680 in
1175 639 1485 684 resurrectione

104 702 253 748 futura
279 704 491 758 mutatio,
518 719 607 748 non
630 702 770 748 solum
796 702 960 749 nullam
994 715 1208 762 mortem,
1244 724 1343 770 quae
1370 708 1484 755 facta

104 783 166 818 est
184 783 365 837 propter
382 783 613 837 peccatum
630 810 640 829 ‚
658 772 731 818 sed
752 789 830 818 nec
850 774 1156 821 mortalitatem
1176 776 1383 824 habitura
1402 790 1480 835 est,

106 860 239 906 quam
272 861 432 907 eorpus
456 842 642 889 animale
673 843 833 889 habuit
859 857 956 889 ante
976 857 1245 908 peccatum,
1276 867 1363 895 non
1389 850 1447 895 ait
1471 868 1480 895 :

105 934 127 955 «
146 914 235 970 Qui
254 914 473 961 suscitavit
508 913 736 959 Christum
769 918 914 960 Jesum
939 933 963 961 a
996 917 1177 963 mortuis
1200 954 1210 973 ‚
1240 920 1485 966 vivificabit

107 1005 128 1025 n
145 995 187 1030 et
206 996 373 1031 mortua
388 1002 570 1049 corpora
589 983 755 1030 vestra1
772 1005 782 1038 3
802 1007 821 1027 ›>
840 1003 941 1031 cum
960 1003 1089 1050 supra
1105 988 1276 1035 dixisset
1300 1009 1309 1035 :
1335 1012 1355 1033 «
1378 992 1483 1038 Cor-

107 1075 128 1096 »
144 1072 228 1118 pus
251 1066 473 1102 mortuum
495 1074 504 1101 ε
527 1078 546 1097 ›>
566 1055 662 1111 sed,
686 1076 706 1097 «
730 1056 981 1102 vivificabit
998 1094 1008 1113 ‚
1029 1058 1173 1121 inquit
1191 1097 1201 1115 ‚
1219 1071 1259 1106 et
1286 1063 1483 1109 mortalia

106 1146 128 1169 »
147 1143 333 1189 corpora
354 1137 492 1173 vestra
515 1144 526 1171 ε
549 1147 568 1167 ›>
594 1137 642 1172 ut
676 1126 841 1172 scilicet
869 1130 963 1186 jam
1001 1145 1088 1173 non
1115 1130 1254 1176 solum
1288 1150 1373 1177 non
1399 1139 1484 1178 sint

105 1207 302 1253 mortua,
330 1197 403 1243 sed
425 1215 504 1244 nec
530 1197 755 1253 mortalia,
777 1215 876 1243 cum
899 1199 1082 1244 animale
1111 1215 1298 1262 resurget
1317 1205 1361 1248 in
1389 1207 1484 1267 spi-

106 1268 255 1324 ritale,
282 1279 323 1314 et
345 1269 526 1314 mortale
549 1268 636 1314 hoe
661 1268 813 1314 induet
841 1269 1210 1318 immortalitatem
1228 1312 1238 1330 ,
1262 1286 1304 1320 et
1329 1276 1484 1321 absor-

105 1338 286 1385 bebitur
306 1339 486 1386 mortale
509 1358 531 1385 a
556 1340 658 1387 vita.

171 1409 246 1456 VI.
279 1411 438 1456 Mirum
465 1411 499 1456 si
531 1409 696 1474 aliquid
715 1411 930 1474 quaeritur
955 1411 1040 1457 hac
1065 1414 1406 1463 manifestatione
1431 1418 1483 1463 li-

107 1479 298 1542 quidius.
326 1481 417 1526 Nisi
438 1480 548 1526 forte
573 1481 839 1527 audiendum
865 1490 952 1537 est,
972 1483 1091 1543 quod
1112 1484 1218 1530 huic
1238 1489 1482 1550 perspicui-

108 1550 186 1595 tati
204 1551 543 1606 contradicitur,
584 1562 632 1597 ut
659 1562 880 1597 mortuum
907 1568 1066 1614 corpus
1090 1558 1325 1602 seeundum
1358 1559 1481 1604 illum

107 1619 290 1665 modum
308 1620 382 1666 hic
406 1621 697 1680 intelligamus
717 1658 727 1676 ‚
750 1638 838 1683 quo
864 1621 1032 1666 dictum
1057 1635 1117 1668 est
1142 1642 1152 1669 :
1179 1646 1197 1666 c<
1224 1628 1483 1674 Mortificate

108 1690 344 1736 »membra
372 1702 509 1738 vestra
547 1708 648 1754 qu‘e
677 1703 777 1737 sunt
813 1709 942 1754 supel
980 1696 1166 1739 tcr1‘121m
1220 1718 1240 1738 »
1278 1699 1361 1744 Sed
1398 1700 1483 1745 ho(

105 1760 236 1806 modo
249 1778 410 1825 corpus
428 1773 610 1825 propter
625 1763 838 1821 J'ustitiam
860 1733 1181 1821 mortificatur,
1195 1784 1282 1813 non
1300 1783 1482 1834 proptu

109 1841 372 1893 peccatum:
410 1843 457 1878 ut
482 1833 595 1878 enim
630 1849 859 1896 operemur
884 1834 1124 1892 J'ustitiam
1170 1840 1482 1887 mortificamus

109 1903 305 1949 membra
342 1915 487 1950 nostra
518 1921 617 1967 quae
657 1915 756 1950 sunt
780 1921 910 1967 super
934 1916 1105 1953 terram
1153 1909 1241 1954 Aut
1265 1911 1298 1955 si
1323 1924 1481 1974 putant

107 1971 204 2018 ideo
226 1973 459 2020 additum:
483 1978 705 2037 «Propter
730 1975 1016 2037 petcatum³³‚
1041 1998 1060 2017 υ
1085 1988 1131 2022 ut
1152 1996 1237 2024 non
1265 1982 1483 2043 ίῐ1[(11ἰοῑι-

109 2059 203 2087 mus
219 2045 320 2106 quia
340 2056 570 2108 peccatum
589 2044 753 2090 fictum
773 2055 858 2098 est,
880 2045 952 2090 sed
971 2057 1017 2090 ut
1035 2060 1263 2109 peccatum
1278 2069 1364 2098 non
1383 2056 1424 2099 ti·
1427 2066 1475 2112 it,

111 2123 318 2176 tanquam
342 2114 538 2160 diceret:
562 2118 732 2178 Corpus
753 2082 930 2178 quidem
951 2128 1172 2163 mortuum
1193 2131 1276 2177 est,
1303 2135 1485 2187 proptel

109 2200 198 2228 non
232 2185 480 2231 faciendum
515 2197 761 2249 peccatum
794 2186 912 2242 Quid
950 2187 1034 2232 sibi
1065 2206 1164 2248 ergo
1199 2192 1322 2247 vult,
1363 2197 1483 2258 quod

110 2271 211 2299 cum
241 2254 527 2314 adjunxisset,
566 2277 585 2297 «
610 2255 798 2318 Spiritus
825 2266 969 2301 autem
998 2257 1084 2303 vita
1109 2270 1201 2313 est3
1225 2283 1244 2302 »
1268 2263 1477 2311 addidit:

111 2345 130 2365 (ι
151 2325 614 2388 ΡΓοΡῖεΓ]ι15ῖίῖίῑιη1Ῥ»
631 2326 867 2371 Suffeeemt
888 2326 1003 2371 enim
1025 2328 1057 2373 si
1077 2296 1330 2392 adjungeret
1347 2337 1480 2382 vitun

110 2394 312 2457 spiritus,
341 2406 388 2441 ut
412 2396 539 2442 etiam
566 2396 639 2441 hic
668 2395 980 2441 subaudiretur
1003 2410 1184 2461 propter
1209 2419 1296 2449 non
1316 2404 1484 2453 facien—

161 2496 170 2516 Ι
210 2505 221 2525 1
252 2496 327 2530 Cor.
358 2507 411 2540 xv,
433 2498 561 2537 4463,
591 2501 621 2529 et
643 2508 659 2527 2
680 2499 754 2530 Cor.
784 2507 814 2536 v,
839 2503 871 2534 4,
901 2516 948 2523 -
974 2496 989 2519 ²
1015 2498 1130 2532 Coloss.
1153 2512 1211 2541 ιιι,
1233 2504 1266 2538 5.
1287 2523 1330 2530 -
1348 2502 1362 2527 3
1387 2508 1480 2539 Rom,

112 2558 197 2585 virt,
231 2558 279 2579 10.
