<?xml version="1.0" encoding="UTF-8"?>
<!DOCTYPE html PUBLIC "-//W3C//DTD XHTML 1.0 Transitional//EN"
    "http://www.w3.org/TR/xhtml1/DTD/xhtml1-transitional.dtd">
<html xmlns="http://www.w3.org/1999/xhtml" xml:lang="en" lang="en">
 <head>
  <title>
</title>
<meta http-equiv="Content-Type" content="text/html;charset=utf-8" />
  <meta name='ocr-system' content='tesseract 3.04.00' />
  <meta name='ocr-capabilities' content='ocr_page ocr_carea ocr_par ocr_line ocrx_word'/>
</head>
<body>
  <div class='ocr_page' id='page_1' title='image "./operaomniaaccura33auguuoft_0282.png"; bbox 0 0 1763 2838; ppageno 0'>
   <div class='ocr_carea' id='block_1_1' title="bbox 306 187 1277 235">
    <p class='ocr_par' dir='ltr' id='par_1_1' title="bbox 306 187 1277 235">
     <span class='ocr_line' id='line_1_1' title="bbox 306 187 1277 235; baseline 0 -18"><span class='ocrx_word' id='word_1_1' title='bbox 306 189 391 235; x_wconf 64' lang='lat'><em>‚27‘2</em></span> <span class='ocrx_word' id='word_1_2' title='bbox 722 190 755 218; x_wconf 82' lang='lat' dir='ltr'>S.</span> <span class='ocrx_word' id='word_1_3' title='bbox 803 187 1040 217; x_wconf 85' lang='lat' dir='ltr'>AUGUSTINI</span> <span class='ocrx_word' id='word_1_4' title='bbox 1078 189 1277 218; x_wconf 78' lang='lat' dir='ltr'>EPISCOPI</span> 
     </span>
    </p>
   </div>
   <div class='ocr_carea' id='block_1_2' title="bbox 287 253 1699 2491">
    <p class='ocr_par' dir='ltr' id='par_1_2' title="bbox 287 253 1699 2335">
     <span class='ocr_line' id='line_1_2' title="bbox 300 253 1673 318; baseline 0 -19"><span class='ocrx_word' id='word_1_5' title='bbox 300 253 405 299; x_wconf 88' lang='lat' dir='ltr'>dum</span> <span class='ocrx_word' id='word_1_6' title='bbox 427 266 653 318; x_wconf 84' lang='lat' dir='ltr'>peecatum</span> <span class='ocrx_word' id='word_1_7' title='bbox 677 272 687 299; x_wconf 72' lang='grc' dir='ltr'>ι</span> <span class='ocrx_word' id='word_1_8' title='bbox 716 265 765 299; x_wconf 86' lang='lat' dir='ltr'>ut</span> <span class='ocrx_word' id='word_1_9' title='bbox 787 254 847 299; x_wconf 83' lang='lat' dir='ltr'>sic</span> <span class='ocrx_word' id='word_1_10' title='bbox 872 264 1107 317; x_wconf 89' lang='lat' dir='ltr'>utrumque</span> <span class='ocrx_word' id='word_1_11' title='bbox 1134 265 1315 318; x_wconf 84' lang='lat' dir='ltr'>propter</span> <span class='ocrx_word' id='word_1_12' title='bbox 1334 271 1462 299; x_wconf 86' lang='lat' dir='ltr'>unam</span> <span class='ocrx_word' id='word_1_13' title='bbox 1488 271 1575 299; x_wconf 86' lang='lat' dir='ltr'>rem</span> <span class='ocrx_word' id='word_1_14' title='bbox 1602 255 1673 299; x_wconf 89' lang='lat' dir='ltr'>in-</span> 
     </span>
     <span class='ocr_line' id='line_1_3' title="bbox 300 323 1675 387; baseline 0.001 -19"><span class='ocrx_word' id='word_1_15' title='bbox 300 323 585 384; x_wconf 78' lang='lat' dir='ltr'>telligeremus</span> <span class='ocrx_word' id='word_1_16' title='bbox 601 362 610 380; x_wconf 86' lang='lat'>‚</span> <span class='ocrx_word' id='word_1_17' title='bbox 634 335 674 369; x_wconf 91' lang='lat' dir='ltr'>et</span> <span class='ocrx_word' id='word_1_18' title='bbox 699 334 917 370; x_wconf 88' lang='lat' dir='ltr'>mortuum</span> <span class='ocrx_word' id='word_1_19' title='bbox 945 341 1029 368; x_wconf 84' lang='lat' dir='ltr'>esse</span> <span class='ocrx_word' id='word_1_20' title='bbox 1056 341 1214 387; x_wconf 83' lang='lat' dir='ltr'>corpus</span> <span class='ocrx_word' id='word_1_21' title='bbox 1232 362 1241 380; x_wconf 82' lang='grc'>,</span> <span class='ocrx_word' id='word_1_22' title='bbox 1267 336 1308 369; x_wconf 89' lang='lat' dir='ltr'>et</span> <span class='ocrx_word' id='word_1_23' title='bbox 1329 325 1459 370; x_wconf 88' lang='lat' dir='ltr'>vitam</span> <span class='ocrx_word' id='word_1_24' title='bbox 1483 341 1567 369; x_wconf 81' lang='lat' dir='ltr'>esse</span> <span class='ocrx_word' id='word_1_25' title='bbox 1589 325 1675 387; x_wconf 86' lang='lat' dir='ltr'>spi-</span> 
     </span>
     <span class='ocr_line' id='line_1_4' title="bbox 299 393 1668 457; baseline -0.001 -19"><span class='ocrx_word' id='word_1_26' title='bbox 299 394 432 439; x_wconf 85' lang='lat' dir='ltr'>ritum</span> <span class='ocrx_word' id='word_1_27' title='bbox 450 431 460 449; x_wconf 84' lang='grc'><em>,</em></span> <span class='ocrx_word' id='word_1_28' title='bbox 494 405 674 457; x_wconf 87' lang='lat' dir='ltr'>propter</span> <span class='ocrx_word' id='word_1_29' title='bbox 697 412 786 439; x_wconf 91' lang='lat' dir='ltr'>non</span> <span class='ocrx_word' id='word_1_30' title='bbox 815 393 1062 438; x_wconf 84' lang='lat' dir='ltr'>faciendum</span> <span class='ocrx_word' id='word_1_31' title='bbox 1097 405 1341 456; x_wconf 85' lang='lat' dir='ltr'>peccatum.</span> <span class='ocrx_word' id='word_1_32' title='bbox 1383 395 1447 439; x_wconf 84' lang='lat' dir='ltr'>lta</span> <span class='ocrx_word' id='word_1_33' title='bbox 1475 394 1668 457; x_wconf 83' lang='lat' dir='ltr'>quippe,</span> 
     </span>
     <span class='ocr_line' id='line_1_5' title="bbox 301 463 1673 526; baseline -0.003 -18"><span class='ocrx_word' id='word_1_34' title='bbox 301 464 464 509; x_wconf 82' lang='lat' dir='ltr'>etiamsi</span> <span class='ocrx_word' id='word_1_35' title='bbox 488 464 790 509; x_wconf 87' lang='lat' dir='ltr'>tantummodo</span> <span class='ocrx_word' id='word_1_36' title='bbox 808 463 934 508; x_wconf 86' lang='lat' dir='ltr'>vellet</span> <span class='ocrx_word' id='word_1_37' title='bbox 954 463 1096 508; x_wconf 85' lang='lat' dir='ltr'>dicere</span> <span class='ocrx_word' id='word_1_38' title='bbox 1114 481 1130 508; x_wconf 74' lang='lat' dir='ltr'>v:</span> <span class='ocrx_word' id='word_1_39' title='bbox 1152 485 1171 504; x_wconf 88' lang='lat'>«</span> <span class='ocrx_word' id='word_1_40' title='bbox 1193 465 1379 526; x_wconf 81' lang='lat' dir='ltr'>Propter</span> <span class='ocrx_word' id='word_1_41' title='bbox 1394 465 1604 523; x_wconf 85' lang='lat' dir='ltr'>justitiam</span> <span class='ocrx_word' id='word_1_42' title='bbox 1620 501 1630 517; x_wconf 85' lang='lat'>‚</span> <span class='ocrx_word' id='word_1_43' title='bbox 1653 485 1673 505; x_wconf 84' lang='lat'>»</span> 
     </span>
     <span class='ocr_line' id='line_1_6' title="bbox 300 533 1672 598; baseline 0 -20"><span class='ocrx_word' id='word_1_44' title='bbox 300 533 386 578; x_wconf 88' lang='lat' dir='ltr'>hoe</span> <span class='ocrx_word' id='word_1_45' title='bbox 411 545 501 591; x_wconf 84' lang='lat' dir='ltr'>est,</span> <span class='ocrx_word' id='word_1_46' title='bbox 522 545 703 598; x_wconf 84' lang='lat' dir='ltr'>propter</span> <span class='ocrx_word' id='word_1_47' title='bbox 727 534 970 580; x_wconf 78' lang='lat' dir='ltr'>faciendam</span> <span class='ocrx_word' id='word_1_48' title='bbox 990 535 1228 593; x_wconf 84' lang='lat' dir='ltr'>justitiam,</span> <span class='ocrx_word' id='word_1_49' title='bbox 1255 545 1489 597; x_wconf 86' lang='lat' dir='ltr'>utrumque</span> <span class='ocrx_word' id='word_1_50' title='bbox 1518 534 1569 579; x_wconf 84' lang='lat' dir='ltr'>acl</span> <span class='ocrx_word' id='word_1_51' title='bbox 1589 534 1672 579; x_wconf 84' lang='lat' dir='ltr'>hoe</span> 
     </span>
     <span class='ocr_line' id='line_1_7' title="bbox 299 605 1672 667; baseline -0.001 -18"><span class='ocrx_word' id='word_1_52' title='bbox 299 615 442 666; x_wconf 83' lang='lat' dir='ltr'>posset</span> <span class='ocrx_word' id='word_1_53' title='bbox 465 606 636 661; x_wconf 77' lang='lat' dir='ltr'>referri,</span> <span class='ocrx_word' id='word_1_54' title='bbox 673 615 713 650; x_wconf 86' lang='lat' dir='ltr'>et</span> <span class='ocrx_word' id='word_1_55' title='bbox 753 615 973 649; x_wconf 85' lang='lat' dir='ltr'>mortuum</span> <span class='ocrx_word' id='word_1_56' title='bbox 1001 622 1086 649; x_wconf 81' lang='lat' dir='ltr'>esse</span> <span class='ocrx_word' id='word_1_57' title='bbox 1121 621 1309 667; x_wconf 78' lang='lat' dir='ltr'>eorpus,</span> <span class='ocrx_word' id='word_1_58' title='bbox 1346 615 1387 649; x_wconf 90' lang='lat' dir='ltr'>et</span> <span class='ocrx_word' id='word_1_59' title='bbox 1422 605 1551 649; x_wconf 77' lang='lat' dir='ltr'>vitam</span> <span class='ocrx_word' id='word_1_60' title='bbox 1587 621 1672 649; x_wconf 85' lang='lat' dir='ltr'>esse</span> 
     </span>
     <span class='ocr_line' id='line_1_8' title="bbox 300 675 1673 739; baseline -0.001 -20"><span class='ocrx_word' id='word_1_61' title='bbox 300 675 532 737; x_wconf 80' lang='lat' dir='ltr'>spiritum,</span> <span class='ocrx_word' id='word_1_62' title='bbox 579 687 758 739; x_wconf 85' lang='lat' dir='ltr'>propter</span> <span class='ocrx_word' id='word_1_63' title='bbox 792 675 1033 720; x_wconf 83' lang='lat' dir='ltr'>faciendam</span> <span class='ocrx_word' id='word_1_64' title='bbox 1065 675 1292 734; x_wconf 79' lang='lat' dir='ltr'>justitiam.</span> <span class='ocrx_word' id='word_1_65' title='bbox 1343 675 1470 719; x_wconf 77' lang='lat' dir='ltr'>Nune</span> <span class='ocrx_word' id='word_1_66' title='bbox 1500 692 1598 720; x_wconf 72' lang='lat' dir='ltr'>vero</span> <span class='ocrx_word' id='word_1_67' title='bbox 1632 686 1673 718; x_wconf 90' lang='lat' dir='ltr'>et</span> 
     </span>
     <span class='ocr_line' id='line_1_9' title="bbox 297 745 1673 808; baseline 0 -19"><span class='ocrx_word' id='word_1_68' title='bbox 297 756 520 790; x_wconf 89' lang='lat' dir='ltr'>mortuum</span> <span class='ocrx_word' id='word_1_69' title='bbox 544 746 650 791; x_wconf 73' lang='lat' dir='ltr'>dixit</span> <span class='ocrx_word' id='word_1_70' title='bbox 679 763 764 791; x_wconf 87' lang='lat' dir='ltr'>esse</span> <span class='ocrx_word' id='word_1_71' title='bbox 790 763 948 808; x_wconf 82' lang='lat' dir='ltr'>corpus</span> <span class='ocrx_word' id='word_1_72' title='bbox 973 757 1153 808; x_wconf 87' lang='lat' dir='ltr'>propter</span> <span class='ocrx_word' id='word_1_73' title='bbox 1176 756 1404 807; x_wconf 80' lang='lat' dir='ltr'>peecatum</span> <span class='ocrx_word' id='word_1_74' title='bbox 1425 782 1436 800; x_wconf 82' lang='grc'>,</span> <span class='ocrx_word' id='word_1_75' title='bbox 1469 755 1511 789; x_wconf 85' lang='lat' dir='ltr'>et</span> <span class='ocrx_word' id='word_1_76' title='bbox 1543 745 1673 807; x_wconf 79' lang='lat' dir='ltr'>spiri-</span> 
     </span>
     <span class='ocr_line' id='line_1_10' title="bbox 299 815 1673 879; baseline -0.001 -19"><span class='ocrx_word' id='word_1_77' title='bbox 299 825 390 860; x_wconf 88' lang='lat' dir='ltr'>tum</span> <span class='ocrx_word' id='word_1_78' title='bbox 413 833 498 861; x_wconf 82' lang='lat' dir='ltr'>esse</span> <span class='ocrx_word' id='word_1_79' title='bbox 520 817 652 861; x_wconf 87' lang='lat' dir='ltr'>vitam</span> <span class='ocrx_word' id='word_1_80' title='bbox 673 817 1081 879; x_wconf 84' lang='lat' dir='ltr'>propterjustitiam</span> <span class='ocrx_word' id='word_1_81' title='bbox 1104 836 1114 868; x_wconf 90' lang='lat'>;</span> <span class='ocrx_word' id='word_1_82' title='bbox 1143 816 1307 861; x_wconf 68' lang='lat' dir='ltr'>diversa</span> <span class='ocrx_word' id='word_1_83' title='bbox 1326 816 1475 861; x_wconf 86' lang='lat' dir='ltr'>merita</span> <span class='ocrx_word' id='word_1_84' title='bbox 1498 815 1673 860; x_wconf 77' lang='lat' dir='ltr'>(liversis</span> 
     </span>
     <span class='ocr_line' id='line_1_11' title="bbox 297 886 1672 949; baseline -0.001 -19"><span class='ocrx_word' id='word_1_85' title='bbox 297 886 428 931; x_wconf 84' lang='lat' dir='ltr'>rebus</span> <span class='ocrx_word' id='word_1_86' title='bbox 448 887 686 932; x_wconf 77' lang='lat' dir='ltr'>attribuens</span> <span class='ocrx_word' id='word_1_87' title='bbox 704 924 714 942; x_wconf 86' lang='lat'>‚</span> <span class='ocrx_word' id='word_1_88' title='bbox 740 887 866 931; x_wconf 89' lang='lat' dir='ltr'>morti</span> <span class='ocrx_word' id='word_1_89' title='bbox 886 887 1063 949; x_wconf 85' lang='lat' dir='ltr'>quidem</span> <span class='ocrx_word' id='word_1_90' title='bbox 1091 887 1287 949; x_wconf 83' lang='lat' dir='ltr'>corporis</span> <span class='ocrx_word' id='word_1_91' title='bbox 1305 924 1315 941; x_wconf 90' lang='lat'>,</span> <span class='ocrx_word' id='word_1_92' title='bbox 1350 886 1546 931; x_wconf 76' lang='lat' dir='ltr'>moritum</span> <span class='ocrx_word' id='word_1_93' title='bbox 1572 902 1672 948; x_wconf 87' lang='lat' dir='ltr'>pee-</span> 
     </span>
     <span class='ocr_line' id='line_1_12' title="bbox 299 956 1666 1020; baseline 0 -20"><span class='ocrx_word' id='word_1_94' title='bbox 299 956 383 1001; x_wconf 83' lang='lat' dir='ltr'>cati</span> <span class='ocrx_word' id='word_1_95' title='bbox 400 976 411 1009; x_wconf 79' lang='lat'>3</span> <span class='ocrx_word' id='word_1_96' title='bbox 427 957 529 1002; x_wconf 78' lang='lat' dir='ltr'>vitae</span> <span class='ocrx_word' id='word_1_97' title='bbox 551 968 691 1002; x_wconf 90' lang='lat' dir='ltr'>autem</span> <span class='ocrx_word' id='word_1_98' title='bbox 716 958 891 1020; x_wconf 81' lang='lat' dir='ltr'>spiritus</span> <span class='ocrx_word' id='word_1_99' title='bbox 908 994 918 1009; x_wconf 80' lang='grc'>,</span> <span class='ocrx_word' id='word_1_100' title='bbox 942 957 1139 1001; x_wconf 84' lang='lat' dir='ltr'>meritum</span> <span class='ocrx_word' id='word_1_101' title='bbox 1156 957 1352 1016; x_wconf 78' lang='lat' dir='ltr'>justitiae.</span> <span class='ocrx_word' id='word_1_102' title='bbox 1380 957 1595 1012; x_wconf 82' lang='lat' dir='ltr'>Quocirca</span> <span class='ocrx_word' id='word_1_103' title='bbox 1616 956 1666 1009; x_wconf 72' lang='lat' dir='ltr'>si,</span> 
     </span>
     <span class='ocr_line' id='line_1_13' title="bbox 299 1026 1671 1090; baseline -0.001 -19"><span class='ocrx_word' id='word_1_104' title='bbox 299 1037 346 1071; x_wconf 90' lang='lat' dir='ltr'>ut</span> <span class='ocrx_word' id='word_1_105' title='bbox 366 1027 558 1073; x_wconf 82' lang='lat' dir='ltr'>dubitari</span> <span class='ocrx_word' id='word_1_106' title='bbox 584 1045 669 1072; x_wconf 90' lang='lat' dir='ltr'>non</span> <span class='ocrx_word' id='word_1_107' title='bbox 691 1038 831 1090; x_wconf 83' lang='lat' dir='ltr'>potest</span> <span class='ocrx_word' id='word_1_108' title='bbox 853 1045 861 1071; x_wconf 92' lang='lat'><strong>:</strong></span> <span class='ocrx_word' id='word_1_109' title='bbox 893 1049 908 1065; x_wconf 65' lang='grc' dir='ltr'>(ι</span> <span class='ocrx_word' id='word_1_110' title='bbox 933 1028 1122 1089; x_wconf 62' lang='lat' dir='ltr'>Spiritus</span> <span class='ocrx_word' id='word_1_111' title='bbox 1145 1028 1230 1072; x_wconf 80' lang='lat' dir='ltr'>vita</span> <span class='ocrx_word' id='word_1_112' title='bbox 1255 1038 1316 1071; x_wconf 81' lang='lat' dir='ltr'>est</span> <span class='ocrx_word' id='word_1_113' title='bbox 1347 1037 1527 1089; x_wconf 85' lang='lat' dir='ltr'>propter</span> <span class='ocrx_word' id='word_1_114' title='bbox 1549 1026 1671 1085; x_wconf 68' lang='lat' dir='ltr'>justi-</span> 
     </span>
     <span class='ocr_line' id='line_1_14' title="bbox 301 1097 1671 1160; baseline -0.001 -18"><span class='ocrx_word' id='word_1_115' title='bbox 301 1099 445 1142; x_wconf 78' lang='lat' dir='ltr'>»tiam</span> <span class='ocrx_word' id='word_1_116' title='bbox 467 1136 477 1154; x_wconf 81' lang='lat'>‚</span> <span class='ocrx_word' id='word_1_117' title='bbox 500 1120 520 1139; x_wconf 81' lang='lat'>›&gt;</span> <span class='ocrx_word' id='word_1_118' title='bbox 544 1099 631 1143; x_wconf 81' lang='lat' dir='ltr'>hoe</span> <span class='ocrx_word' id='word_1_119' title='bbox 660 1109 721 1143; x_wconf 84' lang='lat' dir='ltr'>est</span> <span class='ocrx_word' id='word_1_120' title='bbox 739 1135 749 1153; x_wconf 70' lang='grc'>,</span> <span class='ocrx_word' id='word_1_121' title='bbox 789 1098 940 1142; x_wconf 87' lang='lat' dir='ltr'>merito</span> <span class='ocrx_word' id='word_1_122' title='bbox 964 1099 1145 1156; x_wconf 71' lang='lat' dir='ltr'>justitiae</span> <span class='ocrx_word' id='word_1_123' title='bbox 1180 1116 1189 1143; x_wconf 75' lang='lat' dir='ltr'><strong><em>z</em></strong></span> <span class='ocrx_word' id='word_1_124' title='bbox 1229 1097 1422 1160; x_wconf 78' lang='lat' dir='ltr'>profecto</span> <span class='ocrx_word' id='word_1_125' title='bbox 1460 1118 1477 1136; x_wconf 86' lang='lat'>«</span> <span class='ocrx_word' id='word_1_126' title='bbox 1502 1098 1671 1159; x_wconf 82' lang='lat' dir='ltr'>Corpus</span> 
     </span>
     <span class='ocr_line' id='line_1_15' title="bbox 298 1167 1670 1230; baseline -0.001 -18"><span class='ocrx_word' id='word_1_127' title='bbox 298 1179 555 1213; x_wconf 84' lang='lat' dir='ltr'>»mortuum</span> <span class='ocrx_word' id='word_1_128' title='bbox 577 1179 758 1230; x_wconf 87' lang='lat' dir='ltr'>propter</span> <span class='ocrx_word' id='word_1_129' title='bbox 774 1178 1002 1229; x_wconf 81' lang='lat' dir='ltr'>peceatum</span> <span class='ocrx_word' id='word_1_130' title='bbox 1024 1204 1035 1223; x_wconf 75' lang='lat'><strong><em>‚</em></strong></span> <span class='ocrx_word' id='word_1_131' title='bbox 1059 1189 1078 1209; x_wconf 76' lang='lat'>&gt;2</span> <span class='ocrx_word' id='word_1_132' title='bbox 1099 1167 1205 1229; x_wconf 81' lang='lat' dir='ltr'>quid</span> <span class='ocrx_word' id='word_1_133' title='bbox 1228 1167 1345 1212; x_wconf 78' lang='lat' dir='ltr'>aliud</span> <span class='ocrx_word' id='word_1_134' title='bbox 1367 1184 1496 1229; x_wconf 86' lang='lat' dir='ltr'>quam</span> <span class='ocrx_word' id='word_1_135' title='bbox 1519 1167 1670 1211; x_wconf 87' lang='lat' dir='ltr'>merito</span> 
     </span>
     <span class='ocr_line' id='line_1_16' title="bbox 298 1237 1671 1302; baseline -0.002 -18"><span class='ocrx_word' id='word_1_136' title='bbox 298 1239 464 1302; x_wconf 85' lang='lat' dir='ltr'>peccati</span> <span class='ocrx_word' id='word_1_137' title='bbox 490 1239 723 1298; x_wconf 81' lang='lat' dir='ltr'>intelligere</span> <span class='ocrx_word' id='word_1_138' title='bbox 759 1238 966 1283; x_wconf 81' lang='lat' dir='ltr'>dehemus</span> <span class='ocrx_word' id='word_1_139' title='bbox 992 1249 1064 1283; x_wconf 86' lang='lat' dir='ltr'>aut</span> <span class='ocrx_word' id='word_1_140' title='bbox 1101 1255 1355 1301; x_wconf 77' lang='lat' dir='ltr'>possumus,</span> <span class='ocrx_word' id='word_1_141' title='bbox 1390 1239 1420 1282; x_wconf 84' lang='lat' dir='ltr'>si</span> <span class='ocrx_word' id='word_1_142' title='bbox 1450 1237 1671 1300; x_wconf 83' lang='lat' dir='ltr'>apertissi-</span> 
     </span>
     <span class='ocr_line' id='line_1_17' title="bbox 297 1309 1668 1372; baseline -0.001 -19"><span class='ocrx_word' id='word_1_143' title='bbox 297 1326 416 1354; x_wconf 88' lang='lat' dir='ltr'>mum</span> <span class='ocrx_word' id='word_1_144' title='bbox 446 1310 687 1372; x_wconf 75' lang='lat' dir='ltr'>Scripturae</span> <span class='ocrx_word' id='word_1_145' title='bbox 715 1326 881 1353; x_wconf 84' lang='lat' dir='ltr'>sensum</span> <span class='ocrx_word' id='word_1_146' title='bbox 914 1327 998 1353; x_wconf 90' lang='lat' dir='ltr'>non</span> <span class='ocrx_word' id='word_1_147' title='bbox 1035 1326 1114 1371; x_wconf 85' lang='lat' dir='ltr'>pro</span> <span class='ocrx_word' id='word_1_148' title='bbox 1151 1309 1329 1353; x_wconf 80' lang='lat' dir='ltr'>arbitrio</span> <span class='ocrx_word' id='word_1_149' title='bbox 1357 1320 1596 1370; x_wconf 69' lang='lat' dir='ltr'>pervertere</span> <span class='ocrx_word' id='word_1_150' title='bbox 1620 1324 1668 1351; x_wconf 81' lang='lat' dir='ltr'>ae</span> 
     </span>
     <span class='ocr_line' id='line_1_18' title="bbox 298 1380 1669 1443; baseline -0.001 -18"><span class='ocrx_word' id='word_1_151' title='bbox 298 1380 551 1443; x_wconf 82' lang='lat' dir='ltr'>detorquere</span> <span class='ocrx_word' id='word_1_152' title='bbox 583 1397 793 1425; x_wconf 84' lang='lat' dir='ltr'>conamur</span> <span class='ocrx_word' id='word_1_153' title='bbox 808 1383 825 1424; x_wconf 74' lang='grc' dir='ltr'>ἒ)</span> <span class='ocrx_word' id='word_1_154' title='bbox 860 1380 958 1424; x_wconf 82' lang='lat' dir='ltr'>Huc</span> <span class='ocrx_word' id='word_1_155' title='bbox 989 1381 1115 1424; x_wconf 85' lang='lat' dir='ltr'>etiam</span> <span class='ocrx_word' id='word_1_156' title='bbox 1145 1380 1376 1424; x_wconf 78' lang='lat' dir='ltr'>verborum</span> <span class='ocrx_word' id='word_1_157' title='bbox 1398 1396 1669 1441; x_wconf 69' lang='lat' dir='ltr'>consequen—</span> 
     </span>
     <span class='ocr_line' id='line_1_19' title="bbox 300 1450 1669 1512; baseline -0.001 -18"><span class='ocrx_word' id='word_1_158' title='bbox 300 1450 404 1496; x_wconf 86' lang='lat' dir='ltr'>tium</span> <span class='ocrx_word' id='word_1_159' title='bbox 429 1451 575 1495; x_wconf 86' lang='lat' dir='ltr'>lumen</span> <span class='ocrx_word' id='word_1_160' title='bbox 603 1450 784 1495; x_wconf 80' lang='lat' dir='ltr'>aceedit.</span> <span class='ocrx_word' id='word_1_161' title='bbox 815 1450 924 1494; x_wconf 58' lang='lat' dir='ltr'>(lum</span> <span class='ocrx_word' id='word_1_162' title='bbox 947 1450 1058 1494; x_wconf 87' lang='lat' dir='ltr'>enim</span> <span class='ocrx_word' id='word_1_163' title='bbox 1094 1451 1316 1512; x_wconf 72' lang='lat' dir='ltr'>praesentis</span> <span class='ocrx_word' id='word_1_164' title='bbox 1351 1450 1554 1510; x_wconf 82' lang='lat' dir='ltr'>temporis</span> <span class='ocrx_word' id='word_1_165' title='bbox 1577 1466 1669 1507; x_wconf 82' lang='lat' dir='ltr'>gra-</span> 
     </span>
     <span class='ocr_line' id='line_1_20' title="bbox 296 1519 1668 1582; baseline -0.002 -16"><span class='ocrx_word' id='word_1_166' title='bbox 296 1521 398 1566; x_wconf 84' lang='lat' dir='ltr'>tiam</span> <span class='ocrx_word' id='word_1_167' title='bbox 419 1520 709 1565; x_wconf 76' lang='lat' dir='ltr'>determinans</span> <span class='ocrx_word' id='word_1_168' title='bbox 729 1519 913 1573; x_wconf 77' lang='lat' dir='ltr'>dieeret,</span> <span class='ocrx_word' id='word_1_169' title='bbox 947 1530 1167 1564; x_wconf 85' lang='lat' dir='ltr'>mortuum</span> <span class='ocrx_word' id='word_1_170' title='bbox 1200 1519 1376 1582; x_wconf 87' lang='lat' dir='ltr'>quidem</span> <span class='ocrx_word' id='word_1_171' title='bbox 1403 1536 1487 1563; x_wconf 84' lang='lat' dir='ltr'>esse</span> <span class='ocrx_word' id='word_1_172' title='bbox 1509 1536 1668 1581; x_wconf 82' lang='lat' dir='ltr'>corpus</span> 
     </span>
     <span class='ocr_line' id='line_1_21' title="bbox 295 1589 1665 1654; baseline -0.002 -18"><span class='ocrx_word' id='word_1_173' title='bbox 295 1602 475 1654; x_wconf 86' lang='lat' dir='ltr'>propter</span> <span class='ocrx_word' id='word_1_174' title='bbox 494 1600 741 1652; x_wconf 52' lang='lat' dir='ltr'>peceatumq</span> <span class='ocrx_word' id='word_1_175' title='bbox 759 1590 860 1652; x_wconf 83' lang='lat' dir='ltr'>quia</span> <span class='ocrx_word' id='word_1_176' title='bbox 880 1590 986 1634; x_wconf 78' lang='lat' dir='ltr'>ineo</span> <span class='ocrx_word' id='word_1_177' title='bbox 1008 1589 1202 1635; x_wconf 86' lang='lat' dir='ltr'>nondum</span> <span class='ocrx_word' id='word_1_178' title='bbox 1222 1607 1295 1652; x_wconf 81' lang='lat' dir='ltr'>per</span> <span class='ocrx_word' id='word_1_179' title='bbox 1316 1589 1665 1633; x_wconf 75' lang='lat' dir='ltr'>resurrectionem</span> 
     </span>
     <span class='ocr_line' id='line_1_22' title="bbox 295 1655 1668 1721; baseline -0.001 -16"><span class='ocrx_word' id='word_1_180' title='bbox 295 1671 525 1714; x_wconf 79' lang='lat' dir='ltr'>renovato,</span> <span class='ocrx_word' id='word_1_181' title='bbox 572 1658 739 1721; x_wconf 83' lang='lat' dir='ltr'>peccati</span> <span class='ocrx_word' id='word_1_182' title='bbox 782 1659 982 1703; x_wconf 83' lang='lat' dir='ltr'>meritum</span> <span class='ocrx_word' id='word_1_183' title='bbox 1009 1670 1177 1714; x_wconf 81' lang='lat' dir='ltr'>manet,</span> <span class='ocrx_word' id='word_1_184' title='bbox 1205 1659 1290 1704; x_wconf 84' lang='lat' dir='ltr'>hoe</span> <span class='ocrx_word' id='word_1_185' title='bbox 1325 1669 1410 1714; x_wconf 80' lang='lat' dir='ltr'>est,</span> <span class='ocrx_word' id='word_1_186' title='bbox 1445 1655 1668 1704; x_wconf 71' lang='lat' dir='ltr'>necessitas</span> 
     </span>
     <span class='ocr_line' id='line_1_23' title="bbox 295 1729 1699 1792; baseline -0.001 -16"><span class='ocrx_word' id='word_1_187' title='bbox 295 1731 474 1781; x_wconf 80' lang='lat' dir='ltr'>mortis3</span> <span class='ocrx_word' id='word_1_188' title='bbox 514 1730 716 1791; x_wconf 83' lang='lat' dir='ltr'>spiritum</span> <span class='ocrx_word' id='word_1_189' title='bbox 754 1740 894 1773; x_wconf 83' lang='lat' dir='ltr'>autem</span> <span class='ocrx_word' id='word_1_190' title='bbox 931 1729 1061 1774; x_wconf 83' lang='lat' dir='ltr'>vitam</span> <span class='ocrx_word' id='word_1_191' title='bbox 1097 1747 1183 1775; x_wconf 84' lang='lat' dir='ltr'>esse</span> <span class='ocrx_word' id='word_1_192' title='bbox 1211 1740 1392 1792; x_wconf 84' lang='lat' dir='ltr'>propter</span> <span class='ocrx_word' id='word_1_193' title='bbox 1419 1730 1630 1788; x_wconf 60' lang='lat' dir='ltr'>justitiam</span> <span class='ocrx_word' id='word_1_194' title='bbox 1653 1767 1662 1782; x_wconf 82' lang='grc'>,</span> <span class='ocrx_word' id='word_1_195' title='bbox 1695 1748 1699 1750; x_wconf 94' lang='grc'><strong><em>·</em></strong></span> 
     </span>
     <span class='ocr_line' id='line_1_24' title="bbox 293 1798 1666 1864; baseline -0.001 -18"><span class='ocrx_word' id='word_1_196' title='bbox 293 1802 394 1864; x_wconf 82' lang='lat' dir='ltr'>quia</span> <span class='ocrx_word' id='word_1_197' title='bbox 414 1800 514 1844; x_wconf 87' lang='lat' dir='ltr'>licet</span> <span class='ocrx_word' id='word_1_198' title='bbox 533 1798 677 1843; x_wconf 79' lang='lat' dir='ltr'>adhue</span> <span class='ocrx_word' id='word_1_199' title='bbox 695 1815 878 1860; x_wconf 86' lang='lat' dir='ltr'>corpore</span> <span class='ocrx_word' id='word_1_200' title='bbox 899 1799 1050 1843; x_wconf 83' lang='lat' dir='ltr'>mortis</span> <span class='ocrx_word' id='word_1_201' title='bbox 1073 1799 1203 1858; x_wconf 77' lang='lat' dir='ltr'>hujus</span> <span class='ocrx_word' id='word_1_202' title='bbox 1222 1816 1449 1844; x_wconf 86' lang='lat' dir='ltr'>oneremur</span> <span class='ocrx_word' id='word_1_203' title='bbox 1466 1836 1476 1855; x_wconf 72' lang='grc'>,</span> <span class='ocrx_word' id='word_1_204' title='bbox 1494 1803 1582 1858; x_wconf 83' lang='lat' dir='ltr'>jam</span> <span class='ocrx_word' id='word_1_205' title='bbox 1606 1816 1666 1844; x_wconf 86' lang='lat' dir='ltr'>se-</span> 
     </span>
     <span class='ocr_line' id='line_1_25' title="bbox 293 1868 1664 1930; baseline -0.002 -14"><span class='ocrx_word' id='word_1_206' title='bbox 293 1870 485 1916; x_wconf 85' lang='lat' dir='ltr'>cundum</span> <span class='ocrx_word' id='word_1_207' title='bbox 512 1868 757 1913; x_wconf 87' lang='lat' dir='ltr'>interiorem</span> <span class='ocrx_word' id='word_1_208' title='bbox 789 1868 1010 1913; x_wconf 85' lang='lat' dir='ltr'>hominem</span> <span class='ocrx_word' id='word_1_209' title='bbox 1032 1880 1178 1930; x_wconf 81' lang='lat' dir='ltr'>coepta</span> <span class='ocrx_word' id='word_1_210' title='bbox 1204 1870 1478 1914; x_wconf 78' lang='lat' dir='ltr'>renovatione</span> <span class='ocrx_word' id='word_1_211' title='bbox 1498 1869 1539 1913; x_wconf 85' lang='lat' dir='ltr'>in</span> <span class='ocrx_word' id='word_1_212' title='bbox 1566 1869 1664 1914; x_wconf 79' lang='lat' dir='ltr'>fidei</span> 
     </span>
     <span class='ocr_line' id='line_1_26' title="bbox 287 1938 1665 2000; baseline -0.003 -14"><span class='ocrx_word' id='word_1_213' title='bbox 287 1938 531 2000; x_wconf 72' lang='lat' dir='ltr'>justitiam1</span> <span class='ocrx_word' id='word_1_214' title='bbox 566 1938 824 2000; x_wconf 74' lang='lat' dir='ltr'>respiramus</span> <span class='ocrx_word' id='word_1_215' title='bbox 848 1955 858 1982; x_wconf 91' lang='lat'>:</span> <span class='ocrx_word' id='word_1_216' title='bbox 885 1950 1024 1983; x_wconf 85' lang='lat' dir='ltr'>tamen</span> <span class='ocrx_word' id='word_1_217' title='bbox 1050 1955 1102 1982; x_wconf 88' lang='lat' dir='ltr'>ne</span> <span class='ocrx_word' id='word_1_218' title='bbox 1134 1938 1326 1983; x_wconf 87' lang='lat' dir='ltr'>humana</span> <span class='ocrx_word' id='word_1_219' title='bbox 1356 1939 1594 1997; x_wconf 75' lang='lat' dir='ltr'>ignorantia</span> <span class='ocrx_word' id='word_1_220' title='bbox 1613 1938 1665 1982; x_wconf 76' lang='lat' dir='ltr'>(le</span> 
     </span>
     <span class='ocr_line' id='line_1_27' title="bbox 290 2007 1663 2070; baseline -0.003 -14"><span class='ocrx_word' id='word_1_221' title='bbox 290 2008 601 2056; x_wconf 79' lang='lat' dir='ltr'>resurreetione</span> <span class='ocrx_word' id='word_1_222' title='bbox 623 2007 818 2069; x_wconf 82' lang='lat' dir='ltr'>corporis</span> <span class='ocrx_word' id='word_1_223' title='bbox 837 2007 945 2052; x_wconf 75' lang='lat' dir='ltr'>nihil</span> <span class='ocrx_word' id='word_1_224' title='bbox 973 2018 1189 2069; x_wconf 72' lang='lat' dir='ltr'>speraret,</span> <span class='ocrx_word' id='word_1_225' title='bbox 1222 2008 1350 2053; x_wconf 86' lang='lat' dir='ltr'>etiam</span> <span class='ocrx_word' id='word_1_226' title='bbox 1377 2008 1518 2069; x_wconf 85' lang='lat' dir='ltr'>ipsum</span> <span class='ocrx_word' id='word_1_227' title='bbox 1545 2007 1663 2070; x_wconf 88' lang='lat' dir='ltr'>quod</span> 
     </span>
     <span class='ocr_line' id='line_1_28' title="bbox 292 2076 1663 2143; baseline -0.003 -18"><span class='ocrx_word' id='word_1_228' title='bbox 292 2090 470 2143; x_wconf 86' lang='lat' dir='ltr'>propter</span> <span class='ocrx_word' id='word_1_229' title='bbox 493 2077 692 2122; x_wconf 85' lang='lat' dir='ltr'>meritum</span> <span class='ocrx_word' id='word_1_230' title='bbox 724 2077 890 2140; x_wconf 80' lang='lat' dir='ltr'>peceati</span> <span class='ocrx_word' id='word_1_231' title='bbox 912 2078 956 2122; x_wconf 86' lang='lat' dir='ltr'>in</span> <span class='ocrx_word' id='word_1_232' title='bbox 975 2076 1348 2140; x_wconf 76' lang='lat' dir='ltr'>praesentisaeculo</span> <span class='ocrx_word' id='word_1_233' title='bbox 1371 2077 1534 2122; x_wconf 82' lang='lat' dir='ltr'>dixerat</span> <span class='ocrx_word' id='word_1_234' title='bbox 1554 2094 1663 2121; x_wconf 90' lang='lat' dir='ltr'>mor-</span> 
     </span>
     <span class='ocr_line' id='line_1_29' title="bbox 292 2147 1663 2210; baseline -0.003 -15"><span class='ocrx_word' id='word_1_235' title='bbox 292 2161 414 2195; x_wconf 88' lang='lat' dir='ltr'>tuum</span> <span class='ocrx_word' id='word_1_236' title='bbox 434 2186 444 2205; x_wconf 76' lang='lat'>,</span> <span class='ocrx_word' id='word_1_237' title='bbox 474 2149 517 2193; x_wconf 78' lang='lat' dir='ltr'>in</span> <span class='ocrx_word' id='word_1_238' title='bbox 555 2147 703 2192; x_wconf 77' lang='lat' dir='ltr'>futuro</span> <span class='ocrx_word' id='word_1_239' title='bbox 735 2158 914 2210; x_wconf 86' lang='lat' dir='ltr'>propter</span> <span class='ocrx_word' id='word_1_240' title='bbox 949 2149 1148 2193; x_wconf 85' lang='lat' dir='ltr'>meritum</span> <span class='ocrx_word' id='word_1_241' title='bbox 1179 2149 1361 2207; x_wconf 81' lang='lat' dir='ltr'>justitiae</span> <span class='ocrx_word' id='word_1_242' title='bbox 1385 2147 1492 2192; x_wconf 78' lang='lat' dir='ltr'>dicit</span> <span class='ocrx_word' id='word_1_243' title='bbox 1519 2147 1663 2192; x_wconf 80' lang='lat' dir='ltr'>vivifi—</span> 
     </span>
     <span class='ocr_line' id='line_1_30' title="bbox 290 2219 1661 2274; baseline -0.002 -9"><span class='ocrx_word' id='word_1_244' title='bbox 290 2220 512 2272; x_wconf 85' lang='lat' dir='ltr'>candum;</span> <span class='ocrx_word' id='word_1_245' title='bbox 540 2236 617 2263; x_wconf 85' lang='lat' dir='ltr'>nec</span> <span class='ocrx_word' id='word_1_246' title='bbox 639 2219 698 2262; x_wconf 81' lang='lat' dir='ltr'>sic</span> <span class='ocrx_word' id='word_1_247' title='bbox 731 2229 778 2263; x_wconf 89' lang='lat' dir='ltr'>ut</span> <span class='ocrx_word' id='word_1_248' title='bbox 804 2229 969 2263; x_wconf 86' lang='lat' dir='ltr'>tantum</span> <span class='ocrx_word' id='word_1_249' title='bbox 1009 2236 1054 2264; x_wconf 81' lang='lat' dir='ltr'>ex</span> <span class='ocrx_word' id='word_1_250' title='bbox 1084 2230 1255 2264; x_wconf 92' lang='lat' dir='ltr'>mortuo</span> <span class='ocrx_word' id='word_1_251' title='bbox 1279 2219 1425 2264; x_wconf 87' lang='lat' dir='ltr'>vivum</span> <span class='ocrx_word' id='word_1_252' title='bbox 1454 2219 1528 2262; x_wconf 85' lang='lat' dir='ltr'>fiat</span> <span class='ocrx_word' id='word_1_253' title='bbox 1547 2255 1557 2274; x_wconf 83' lang='grc'>,</span> <span class='ocrx_word' id='word_1_254' title='bbox 1593 2235 1661 2263; x_wconf 87' lang='lat' dir='ltr'>ve-</span> 
     </span>
     <span class='ocr_line' id='line_1_31' title="bbox 287 2288 1058 2335; baseline -0.003 0"><span class='ocrx_word' id='word_1_255' title='bbox 287 2290 514 2335; x_wconf 85' lang='lat' dir='ltr'>rumetiam</span> <span class='ocrx_word' id='word_1_256' title='bbox 536 2305 583 2332; x_wconf 78' lang='lat' dir='ltr'>ex</span> <span class='ocrx_word' id='word_1_257' title='bbox 605 2288 779 2332; x_wconf 76' lang='lat' dir='ltr'>mortali</span> <span class='ocrx_word' id='word_1_258' title='bbox 802 2288 1058 2334; x_wconf 84' lang='lat' dir='ltr'>immortale.</span> 
     </span>
    </p>

    <p class='ocr_par' dir='ltr' id='par_1_3' title="bbox 287 2356 1662 2491">
     <span class='ocr_line' id='line_1_32' title="bbox 355 2356 1662 2420; baseline -0.002 -16"><span class='ocrx_word' id='word_1_259' title='bbox 355 2359 453 2404; x_wconf 88' lang='lat' dir='ltr'>Vll.</span> <span class='ocrx_word' id='word_1_260' title='bbox 497 2359 759 2420; x_wconf 79' lang='lat' dir='ltr'>Quanquam</span> <span class='ocrx_word' id='word_1_261' title='bbox 787 2358 933 2420; x_wconf 88' lang='lat' dir='ltr'>itaque</span> <span class='ocrx_word' id='word_1_262' title='bbox 951 2375 1113 2412; x_wconf 81' lang='lat' dir='ltr'>verear,</span> <span class='ocrx_word' id='word_1_263' title='bbox 1141 2376 1190 2402; x_wconf 87' lang='lat' dir='ltr'>ne</span> <span class='ocrx_word' id='word_1_264' title='bbox 1210 2375 1273 2403; x_wconf 85' lang='lat' dir='ltr'>res</span> <span class='ocrx_word' id='word_1_265' title='bbox 1299 2356 1519 2402; x_wconf 82' lang='lat' dir='ltr'>manifesta</span> <span class='ocrx_word' id='word_1_266' title='bbox 1536 2374 1662 2419; x_wconf 74' lang='lat' dir='ltr'>expo-</span> 
     </span>
     <span class='ocr_line' id='line_1_33' title="bbox 287 2426 1660 2491; baseline -0.002 -17"><span class='ocrx_word' id='word_1_267' title='bbox 287 2428 427 2474; x_wconf 87' lang='lat' dir='ltr'>nendo</span> <span class='ocrx_word' id='word_1_268' title='bbox 451 2428 594 2491; x_wconf 85' lang='lat' dir='ltr'>potius</span> <span class='ocrx_word' id='word_1_269' title='bbox 614 2429 887 2484; x_wconf 80' lang='lat' dir='ltr'>obscuretur,</span> <span class='ocrx_word' id='word_1_270' title='bbox 919 2426 1167 2491; x_wconf 58' lang='lat' dir='ltr'>apostoliea}</span> <span class='ocrx_word' id='word_1_271' title='bbox 1184 2438 1325 2474; x_wconf 85' lang='lat' dir='ltr'>tamen</span> <span class='ocrx_word' id='word_1_272' title='bbox 1352 2427 1572 2473; x_wconf 79' lang='lat' dir='ltr'>sentcntiae</span> <span class='ocrx_word' id='word_1_273' title='bbox 1595 2427 1660 2472; x_wconf 92' lang='lat' dir='ltr'>lu-</span> 
     </span>
    </p>
   </div>
   <div class='ocr_carea' id='block_1_3' title="bbox 337 2510 606 2553">
    <p class='ocr_par' dir='ltr' id='par_1_4' title="bbox 337 2510 606 2553">
     <span class='ocr_line' id='line_1_34' title="bbox 337 2510 606 2553; baseline -0.011 -10"><span class='ocrx_word' id='word_1_274' title='bbox 337 2514 346 2534; x_wconf 88' lang='lat'><strong>¹</strong></span> <span class='ocrx_word' id='word_1_275' title='bbox 368 2515 459 2543; x_wconf 78' lang='lat' dir='ltr'>Forte</span> <span class='ocrx_word' id='word_1_276' title='bbox 476 2510 606 2553; x_wconf 79' lang='lat' dir='ltr'>justitia.</span> 
     </span>
    </p>
   </div>
  </div>
 </body>
</html>
