1763 2838
265 149 355 195 288
684 161 718 189 s.
761 158 1005 189 AUGUSTINI
1041 159 1243 189 ΕΡ150οΡ1

265 228 525 275 humilitatis
549 224 877 271 similitudinem
905 224 948 269 in
982 243 1119 287 parva
1154 236 1280 270 aetate
1313 225 1521 287 posuerit.
1553 226 1638 271 Ve-

264 311 508 345 rumtamen
538 297 715 342 forsitan
749 297 837 341 hoc
864 296 1096 340 tenendum
1117 307 1177 341 est
1205 296 1321 359 quod
1359 296 1442 341 dixi
1462 334 1472 352 ‚
1500 314 1640 360 prop-

263 381 378 416 terea
398 368 604 432 parvulos
622 366 834 429 baptizari
855 365 1028 420 debere,
1049 367 1148 428 quia
1168 366 1278 411 sicut
1293 378 1536 428 peccatores
1552 385 1639 412 non

261 454 362 489 sunt
380 480 390 497 ,
425 442 484 486 ita
508 457 586 485 nec
609 439 715 498 justi
741 450 855 484 sunt.
889 437 973 482 Sed
1011 454 1111 482 cum
1135 438 1302 482 dictum
1327 449 1431 482 esset
1457 456 1467 482 :
1496 459 1515 479 α
1542 440 1639 483 Non

261 533 282 554 >2
308 511 404 558 veni
425 526 582 556 vocare
593 513 732 568 justos
747 545 757 564 ‚
785 529 804 549 ›>
823 507 944 570 quasi
962 507 998 551 ei
1018 506 1348 569 responderetur
1368 524 1378 551 ε
1404 510 1523 563 Quos
1540 525 1639 568 ergo

258 600 415 631 vocare
433 582 615 629 venisti')
645 581 865 626 Continuo
890 581 1141 639 subjunxit:
1163 602 1182 621 «
1200 580 1283 625 Sed
1311 591 1562 643 peccatores
1595 583 1639 627 in

263 676 285 696 »
311 653 629 717 poenitentiam.
657 674 675 693 »
704 654 763 696 Ac
789 668 866 713 per
890 651 974 695 hoc
994 688 1001 705 ‚
1024 650 1246 712 quomodo
1265 651 1413 710 sijusti
1433 662 1533 696 sunt.
1550 688 1560 707 ,
1584 652 1640 697 ita

263 726 390 771 etiam
418 724 451 769 si
474 732 721 787 peccatores
750 738 836 766 11011
861 732 983 777 sunt,
1010 738 1099 766 non
1123 739 1193 767 eos
1216 723 1334 766 venit
1356 738 1530 776 vocare,
1563 722 1639 784 qui

259 797 364 842 dixit
383 814 394 840 ε
416 817 435 837 «
454 796 551 840 Non
569 795 665 839 veni
688 797 988 852 vocarejustos
1007 831 1017 849 ‚
1044 792 1116 838 sed
1137 803 1397 855 peccatores.
1422 814 1440 833 »
1467 793 1521 836 lit
1537 792 1634 837 ideo

257 868 476 929 baptismo
499 868 590 923 ejus
617 864 693 926 qui
733 880 802 908 eos
839 880 926 907 non
964 875 1110 916 vocat,
1139 881 1224 908 non
1258 874 1423 908 tantum
1459 862 1639 920 frustra,

264 936 543 983 verumetiam
564 934 762 996 improbe
783 932 985 977 videntur
1005 934 1164 978 irruere
1184 971 1194 984 ,
1212 933 1331 995 quod
1357 933 1467 977 absit
1490 943 1641 978 utsen-

263 1009 434 1054 tiamus.
462 1006 600 1051 Vocat
633 1021 703 1049 eos
730 1004 862 1062 igitur
883 1003 1073 1048 medicus
1093 1040 1103 1059 ,
1140 1021 1214 1065 qui
1240 1020 1327 1047 non
1353 1013 1414 1047 est
1439 1019 1549 1065 opus
1571 1021 1641 1047 sa-

262 1079 327 1124 nis
345 1116 355 1134 ,
380 1076 452 1122 sed
477 1075 789 1135 aegrotantibus
806 1111 816 1125 ,
848 1090 927 1118 nec
950 1074 1065 1119 venit
1084 1090 1235 1119 vocare
1250 1077 1387 1132 justos
1403 1109 1413 1128 ,
1436 1072 1507 1116 sed
1534 1090 1641 1134 pec-

264 1160 429 1195 catores
454 1147 498 1191 in
525 1145 843 1209 poenitentiam.
877 1145 931 1188 Et
949 1144 1045 1188 ideo
1076 1144 1178 1207 quia
1210 1160 1298 1188 suae
1324 1143 1423 1189 vitae
1450 1144 1641 1205 propriae

265 1219 454 1284 peccatis
478 1216 606 1262 nullis
630 1215 779 1260 adhuc
807 1225 1005 1259 tenentur
1033 1215 1207 1259 obnoxii
1224 1251 1234 1269 ‚
1262 1213 1481 1273 originalis
1513 1213 1558 1257 111
1586 1214 1643 1258 eis

265 1288 478 1349 aegritudo
503 1297 678 1332 sanatur
701 1286 746 1330 111
772 1288 863 1344 ejus
889 1285 1022 1344 gratia
1049 1285 1124 1347 qui
1151 1285 1288 1330 salvos
1310 1284 1415 1329 facit
1433 1300 1512 1345 per
1528 1283 1643 1329 lava-

265 1377 388 1406 crum
408 1367 752 1417 regenerationis.

332 1430 467 1475 XXV.
512 1428 637 1472 Dicet
665 1426 818 1488 aliquis
844 1444 854 1470 ε
883 1424 1115 1481 Quomodo
1142 1441 1242 1484 ergo
1266 1435 1306 1469 et
1327 1425 1407 1488 ipsi
1430 1438 1645 1471 vocantur

264 1502 307 1547 in
340 1498 676 1564 poenitentiam?
709 1496 935 1559 Numquid
958 1495 1149 1541 tantillos
1185 1506 1328 1557 potest
1351 1496 1517 1558 aliquid
1541 1515 1644 1560 poe-

264 1573 428 1617 nitere?
464 1570 580 1615 Huic
611 1566 928 1630 respondetur:
954 1566 998 1611 Si
1031 1576 1260 1628 propterea
1293 1567 1554 1628 poenitentes
1573 1567 1643 1612 di-

266 1642 390 1688 cendi
416 1658 503 1685 non
529 1649 655 1693 sunt,
699 1637 801 1699 quia
843 1654 1011 1682 sensum
1047 1635 1291 1698 poenitendi
1323 1654 1408 1681 non
1443 1637 1640 1693 liabent,

263 1730 344 1759 nec
366 1711 512 1757 fideles
538 1708 714 1754 dicendi
747 1719 869 1763 sunt,
893 1708 996 1770 quia
1018 1707 1213 1752 similiter
1249 1725 1415 1752 sensum
1439 1708 1644 1754 credendi

263 1782 459 1830 nondum
494 1780 675 1825 habent.
709 1779 754 1822 Si
782 1789 925 1822 autem
963 1789 1191 1839 propterea
1216 1777 1358 1822 rectel
1393 1778 1539 1823 fideles
1563 1796 1644 1823 vo-

263 1864 437 1906 cantur,
475 1850 682 1913 quoniam
721 1847 850 1892 fidem
888 1864 965 1909 per
1001 1848 1132 1891 verba
1170 1847 1429 1905 gestantium
1451 1848 1643 1911 quodam

265 1923 395 1969 modo
435 1920 718 1984 profitentur,
747 1934 825 1962 cur
848 1934 936 1961 11011
971 1917 1093 1979 prius
1117 1917 1246 1961 etiam
1272 1918 1533 1979 poenitentes
1560 1918 1645 1963 ha-

262 1995 440 2047 bentur,
464 2007 564 2036 cun-1
586 2006 666 2052 per
686 1987 941 2033 eorumdem
963 1987 1095 2032 verba
1126 1988 1381 2046 gestantium
1405 1988 1581 2033 diabolo
1602 1999 1644 2033 et

263 2066 368 2111 huic
392 2061 551 2109 saeculo
576 2060 824 2105 renuntiare
856 2061 1181 2103 monstrantur?
1209 2058 1369 2103 Totum
1397 2058 1483 2103 hoc
1505 2059 1546 2103 in
1569 2077 1643 2121 spe

264 2137 313 2180 fit
337 2135 377 2180 vi
404 2132 660 2178 sacramenti
676 2141 717 2174 et
738 2129 899 2174 divina-3
922 2129 1072 2187 gratiae
1088 2165 1098 2181 ,
1122 2145 1251 2190 quain
1276 2128 1485 2173 Dominus
1501 2128 1643 2174 dona-

265 2207 328 2252 vit
347 2203 565 2250 Ecclesiae.
588 2205 804 2245 (aeterum
830 2200 925 2261 quis
949 2199 1118 2257 ignorat
1140 2198 1258 2261 quod
1276 2199 1521 2261 baptizatus
1536 2217 1642 2262 par—

262 2276 389 2322 vulus
407 2311 418 2327 ,
445 2273 479 2318 51
498 2271 550 2317 ad
570 2270 797 2316 rationales
816 2287 948 2314 annos
975 2269 1146 2314 veniens
1175 2286 1261 2313 11011
1282 2269 1537 2324 crediderit,
1563 2287 1642 2315 nec

263 2364 304 2392 se
321 2346 377 2390 ab
392 2343 553 2389 illicitis
574 2340 939 2403 concupiscentiis
958 2339 1239 2394 abstinuerit,
1258 2339 1370 2384 nihil
1393 2339 1429 2383 ei
1448 2338 1643 2402 proderit

310 2449 321 2469 ¹
340 2445 420 2477 Vnde
434 2444 516 2475 infra
531 2455 560 2476 c.
579 2455 632 2475 20.
653 2449 684 2474 et
700 2454 753 2483 27.
775 2448 807 2474 et
820 2442 874 2474 111).
893 2444 924 2476 3.
940 2453 969 2476 c.
993 2454 1023 2474 2.
1039 2448 1068 2473 et
1083 2442 1173 2484 epist.
1189 2444 1246 2483 98.
1269 2454 1299 2474 n.
1321 2454 1373 2476 10.
1395 2448 1426 2473 et
1439 2444 1540 2476 Seu-m.
1560 2449 1638 2484 294.

261 2512 295 2534 n.
321 2506 374 2537 14.
