1763 2838
57 234 114 264 DE
150 230 442 264 PECCATORUM
475 231 652 262 MERITIS
689 231 741 261 ET
776 230 1061 273 REMISSIONE,
1101 229 1189 262 LIB.
1232 232 1261 261 Ι.
1337 215 1434 277 329

57 319 78 340 »
92 297 333 358 juventutis
347 307 390 342 et
405 296 662 358 ignorantiae
677 313 784 342 meae
798 313 851 342 ne
868 293 1162 342 memineris1'?
1179 317 1199 337 »
1215 305 1256 341 et
1273 294 1306 340 si
1320 294 1435 340 enim

57 368 377 414 damnabiliora
402 379 582 431 peccata
605 378 731 422 sunt,
759 384 859 431 quae
887 367 942 412 ab
968 366 1205 412 scientibus
1228 364 1436 412 commit-

62 448 213 483 tuntur
239 455 250 482 :
284 449 428 484 tamen
462 438 496 483 si
518 438 775 498 ignorantiae
798 447 977 500 peccata
1001 436 1122 482 nulla
1157 446 1294 482 essent
1313 473 1324 492 ‚
1348 435 1436 480 1100

60 525 147 553 non
171 508 406 568 legeremus
432 508 551 572 quod
572 507 909 554 commemoravi
932 525 942 552 ε
966 528 984 547 α
1006 507 1175 552 Delicta
1194 505 1437 567 juventutis

60 600 78 619 ι)
97 588 139 623 et
157 579 415 638 ignorantiae
432 596 539 624 meae
562 596 615 624 ne
631 577 889 623 memineris.
927 599 946 618 »
974 578 1025 622 In
1047 576 1142 622 illas
1165 577 1298 636 igitur
1317 576 1438 636 igno-

58 649 209 694 rantiae
233 648 505 695 densissimas
533 650 727 695 tenebras
743 685 754 704 ,
785 647 861 693 ubi
888 648 1032 693 anima
1056 646 1232 692 infantis
1256 645 1440 691 recentis

58 720 115 764 ab
143 730 264 764 utero
284 756 294 774 ‚
322 721 472 782 utique
495 721 635 766 anima
657 718 847 764 hominis
867 756 877 774 ,
908 719 1058 782 utique
1084 717 1225 762 anima
1250 717 1440 762 rationa-

59 788 109 834 lis
127 826 137 843 ,
183 806 270 834 11011
313 789 453 835 solum
488 790 665 836 indocta
684 827 694 845 ‚
735 788 1017 834 verumetiam
1057 787 1262 833 indocilis
1294 790 1410 846 jacet
1426 822 1437 841 ‚

57 876 214 922 quare,
246 871 319 904 aut
343 860 522 922 quando
540 898 553 913 ,
581 871 657 906 aut
696 859 811 905 unde
839 870 1044 905 contrusa
1081 862 1177 904 est?
1218 858 1261 903 Si
1286 867 1443 902 natura

59 939 121 974 est
141 929 330 975 hominis
356 930 417 976 sic
448 931 663 995 incipere,
692 942 734 976 et
762 948 848 975 11011
868 935 959 991 jam
985 929 1142 976 vitiosa
1165 940 1227 974 est
1250 929 1330 974 ista
1359 944 1442 972 na-

61 1009 186 1053 tura3
213 1016 290 1045 cur
316 1018 401 1046 non
439 1001 534 1046 talis
567 1012 736 1047 creatus
758 1011 820 1046 est
855 1000 1027 1046 Adam?
1067 999 1158 1045 Cur
1191 999 1261 1044 ille
1297 1015 1433 1061 capax

60 1071 268 1132 praecepti
286 1108 296 1125 ‚
321 1081 361 1116 ct
385 1071 529 1117 valens
557 1073 676 1117 uxori
697 1083 738 1117 et
756 1072 959 1117 omnibus
978 1071 1240 1116 animalibus
1266 1069 1443 1114 nomina

60 1140 310 1203 imponere?
328 1143 438 1187 Nam
452 1142 559 1188 etde
574 1143 646 1188 illa
665 1142 770 1188 dixit
790 1161 800 1187 ε
820 1164 839 1184 α
857 1142 964 1187 Haec
978 1141 1210 1187 vocabitur
1228 1139 1405 1185 mulier:
1425 1160 1443 1179 »

61 1221 118 1263 et,
143 1232 162 1251 α
186 1213 507 1275 Quodcumque
524 1214 696 1259 vocavit
720 1213 859 1259 Adam
878 1213 1066 1258 animam
1088 1212 1229 1257 vivam
1246 1248 1256 1266 ‚
1275 1210 1363 1255 hoc
1385 1219 1445 1254 est

64 1298 259 1327 »nomen
284 1286 319 1342 ej
330 1284 419 1329 us'2.
448 1305 466 1323 »
491 1287 574 1328 Iste
595 1294 735 1329 autem
755 1283 947 1328 nesciens
967 1282 1044 1327 ubi
1067 1281 1120 1326 sit
1141 1319 1150 1335 ‚
1179 1280 1286 1344 quid
1310 1279 1389 1334 sit,
1423 1297 1445 1324 a

63 1368 150 1413 quo
172 1363 341 1399 creatus
358 1391 368 1409 ‚
393 1372 414 1399 a
436 1354 599 1418 quibus
620 1354 788 1414 genitus
808 1354 861 1399 sit
877 1391 886 1409 ‚
903 1358 993 1413 jam
1015 1370 1111 1398 reus
1135 1351 1281 1397 delicti
1304 1387 1313 1401 ,
1338 1367 1444 1395 11011-

62 1421 168 1466 dum
190 1440 325 1486 capax
345 1425 581 1487 praecepti,
605 1436 692 1470 tam
712 1424 932 1487 profunda
953 1422 1210 1482 ignorantiae
1228 1458 1238 1475 ‚
1261 1419 1444 1479 caligine

62 1492 285 1539 involutus
309 1505 349 1539 et
374 1512 545 1557 pressus
566 1532 577 1551 ‚
606 1506 653 1540 ut
677 1512 814 1558 neque
839 1505 1048 1557 tanquam
1073 1492 1126 1537 de
1149 1508 1298 1537 somno
1330 1489 1445 1535 exci-

67 1563 146 1607 tari
176 1564 334 1626 possit,
374 1575 421 1609 ut
448 1564 547 1610 haec
575 1564 721 1610 saltem
754 1564 1048 1610 demonstrata
1075 1571 1334 1621 cognoscat3
1372 1557 1444 1603 sed

65 1644 314 1696 expectetur
332 1645 504 1698 tempus
524 1672 534 1689 ‚
559 1652 646 1698 quo
669 1635 785 1679 hanc
802 1634 945 1679 nescio
968 1649 1101 1696 quam
1117 1632 1237 1677 velut
1253 1630 1443 1675 ebrieta-

66 1713 150 1747 tem
167 1740 178 1758 ‚
206 1721 292 1749 non
314 1721 392 1767 per
426 1722 556 1750 unam
584 1716 753 1751 noctem
775 1742 785 1761 ,
813 1705 925 1750 sicut
953 1702 1164 1767 quaelibet
1198 1699 1446 1760 gravissima

65 1773 199 1829 solet,
225 1774 294 1819 sed
316 1792 395 1837 per
415 1775 583 1837 aliquot
603 1792 764 1821 menses
785 1785 913 1838 atque
941 1790 1074 1819 annos
1098 1770 1311 1835 paulatim
1331 1769 1447 1828 dige-

66 1853 131 1888 rat
153 1861 163 1888 :
189 1843 307 1906 quod
332 1844 470 1890 donec
492 1846 590 1899 fiat,
611 1857 699 1891 tam
720 1845 857 1891 multa
875 1860 976 1908 quae
997 1844 1041 1888 in
1064 1841 1302 1901 majoribus
1318 1839 1447 1903 puni-

67 1930 185 1969 mus,
217 1914 447 1961 toleramus
478 1915 522 1961 111
560 1916 780 1979 parvulis,
812 1925 860 1961 ut
895 1914 1114 1960 numerari
1145 1911 1322 1957 0111111110
1359 1926 1448 1954 non

68 1983 263 2046 possint:
292 1984 379 2031 hoc
403 1996 489 2031 tam
510 2003 717 2046 magnum
742 1984 1001 2045 ignorantiae
1029 1993 1156 2045 atque
1182 1979 1448 2026 infirmitatis

69 2055 261 2110 malum,
292 2057 326 2101 si
351 2057 396 2102 111
422 2058 505 2102 hac
538 2058 626 2102 vita
657 2061 749 2116 jam
778 2057 870 2101 nati
900 2054 1074 2119 parvuli
1111 2060 1444 2100 contraxerunt,

69 2124 175 2179 ubi,
205 2126 412 2188 quando,
453 2127 675 2190 quomodo
708 2144 862 2187 magna
897 2125 1041 2188 aliqua
1077 2123 1299 2186 impietate
1323 2137 1448 2167 com-

69 2194 195 2239 missa
214 2207 388 2259 repente
410 2198 536 2243 tantis
560 2198 748 2243 tenebris
771 2196 957 2243 involuti
987 2197 1119 2240 sunt?

134 2265 338 2312 LXVllt.
375 2267 499 2312 Dicet
523 2267 676 2331 aliquis
699 2285 708 2312 :
740 2270 784 2313 Si
807 2267 905 2312 haec
942 2276 1096 2311 natura
1120 2280 1228 2326 pura
1251 2278 1339 2306 non
1357 2271 1444 2316 est,

71 2333 143 2378 sed
166 2335 333 2381 vitiosae
356 2337 617 2400 primordia,
647 2338 751 2401 quia
778 2337 871 2382 talis
889 2353 977 2382 non
995 2347 1057 2382 est
1079 2343 1247 2380 creatus
1269 2330 1408 2377 Adam
1435 2350 1446 2384 ;

71 2420 149 2448 cur
173 2405 372 2451 Christus
394 2407 521 2467 longe
547 2409 844 2464 excellentior,
879 2418 921 2453 et
947 2417 1061 2452 certe
1097 2405 1185 2449 sine
1225 2401 1315 2447 ullo
1340 2418 1449 2464 pec-

73 2485 171 2520 cato
195 2487 319 2521 natus
344 2495 391 2522 ex
411 2479 594 2538 virgine,
616 2480 660 2525 in
681 2480 767 2526 hac
792 2490 935 2524 tamen
960 2476 1214 2524 infirmitate
1238 2483 1368 2537 atque
1385 2489 1449 2518 εε-

122 2558 232 2591 ¹Psal.
252 2570 339 2597 11111,
362 2572 392 2598 7.
413 2578 456 2583 --
475 2562 488 2581 ²
505 2564 576 2593 Gen
607 2574 643 2599 11,
667 2565 722 2600 23,
743 2567 776 2594 et
798 2572 852 2603 ¹9·
