1763 2838
210 86 301 132 366
628 99 662 130 s.
704 98 947 131 AUGUSTmr
983 100 1183 131 EPISCOPt

209 167 313 223 boni
345 163 579 222 custodita,
597 173 638 209 et
658 163 764 226 quid
784 162 886 209 mali
918 176 1055 211 essent
1088 176 1342 226 transgressa
1366 164 1574 228 prohibi-

211 237 323 281 tione
347 235 509 281 sensuri
530 252 540 278 :
566 244 679 279 recte
695 234 888 296 profecto
908 234 1208 295 intelliguntur
1227 247 1324 283 ante
1344 235 1575 296 malignam

211 305 373 353 diaboli
414 303 734 368 persuasionem
774 304 1027 352 abstinuisse
1051 306 1151 351 cibo
1177 307 1306 351 vetito
1323 342 1333 361 ,
1367 316 1493 367 atque
1515 305 1578 350 usi

208 378 335 423 fuisse
354 375 581 428 concessis,
607 391 657 419 ac
696 373 876 436 perhoc
906 384 946 418 et
970 375 1135 422 caeteris
1158 377 1434 439 etpraecipue
1462 377 1579 436 ligno

212 449 327 497 vitae.
361 444 480 501 Quid
501 445 616 490 enim
641 443 895 500 absurdius,
931 461 1060 506 quam
1083 456 1130 491 ut
1154 445 1386 492 credantur
1420 463 1465 493 ex
1490 446 1581 491 aliis

216 516 445 567 arboribus
470 513 670 563 alimenta
705 514 955 576 sumpsisse,
985 531 1071 559 non
1109 526 1251 560 autem
1278 516 1408 562 ctiam
1439 533 1486 560 ex
1508 515 1581 561 illo

215 587 332 651 quod
355 597 396 632 et
419 584 614 631 similiter
633 583 888 646 permissum
909 583 1066 638 fuerat,
1088 594 1129 631 et
1158 585 1344 631 utilitate
1356 586 1583 648 praecipua

215 676 292 723 per
309 668 486 711 aetatum
506 655 645 707 labem
670 655 854 709 mutari,
869 655 1065 717 quamvis
1081 655 1282 701 animalia
1299 673 1497 719 corpora,
1517 666 1586 705 at-

216 747 300 793 que
323 729 367 778 in
382 737 564 784 mortem
579 735 838 783 veterascere
860 742 947 770 non
968 725 1155 780 sinebat,
1183 725 1376 786 tribuens
1391 725 1475 772 hoc
1493 743 1584 771 cor-

217 799 314 864 pori
351 798 547 845 humano
586 794 639 839 de
666 810 744 839 suo
785 810 966 856 corpore
1004 794 1285 850 beneficium,
1332 806 1373 841 et
1406 795 1588 857 mystica

218 867 529 928 significatione
549 865 845 913 demonstrans
863 900 872 918 ‚
902 864 1007 927 quid
1033 882 1111 928 per
1145 866 1397 928 sapientiam
1417 904 1427 922 ,
1461 869 1586 924 quus

216 941 398 999 figuram
425 936 643 996 gestabat,
686 932 952 979 conferretur
981 935 1136 980 animae
1166 936 1383 991 rationali,
1423 946 1470 981 ut
1500 936 1586 987 ali-

219 1019 363 1057 mento
386 1011 476 1066 ejus
512 1005 731 1051 vivificata
766 1020 1040 1067 nequaquam
1078 1005 1122 1050 in
1158 1005 1299 1049 labeni
1326 1016 1592 1068 mortemque

220 1079 426 1142 nequitiae
444 1078 711 1123 verteretur?
748 1075 899 1119 Merito
923 1075 1035 1120 enim
1056 1075 1108 1120 de
1133 1075 1205 1120 illa
1232 1075 1426 1123 dicitur:
1451 1097 1469 1116 e<
1489 1077 1594 1137 Lig-

224 1171 245 1192 n
263 1166 367 1195 num
386 1149 486 1193 vitae
510 1157 570 1191 est
590 1145 951 1207 amplectentibus
969 1145 1102 1192 eaml.
1135 1166 1155 1189 »
1182 1146 1305 1192 Sicut
1339 1147 1435 1193 haec
1466 1146 1594 1202 arbor

224 1221 269 1266 in
293 1217 527 1281 corporali,
555 1217 614 1261 sic
637 1215 708 1260 illa
729 1216 773 1259 in
793 1215 975 1277 spiritali
997 1215 1195 1278 paradiso
1217 1233 1227 1261 x
1255 1216 1331 1261 ista
1360 1217 1591 1271 exterioris,

224 1291 295 1337 illa
318 1288 530 1334 interioris
549 1285 735 1332 hominis
750 1285 941 1330 sensibus
957 1286 1157 1348 praehens
1173 1287 1380 1345 vigorem,
1408 1287 1495 1332 sine
1511 1286 1597 1333 ulla

225 1361 269 1409 in
289 1359 473 1404 deterius
498 1356 703 1418 temporis
736 1356 1072 1401 commutatione
1110 1356 1297 1402 vitalem.
1345 1357 1599 1403 Serviebant

225 1431 356 1489 igitur
373 1430 482 1481 Deo,
500 1427 775 1472 vehementer
790 1424 871 1469 sibi
892 1425 1192 1471 commendata
1217 1426 1374 1489 pietate
1389 1426 1599 1489 obedien—

229 1502 316 1554 tiae,
340 1515 425 1562 qua
445 1514 532 1542 una
557 1495 715 1542 colitur
747 1498 879 1540 Deus
911 1498 1022 1553 Quas
1056 1513 1135 1558 per
1159 1513 1200 1543 se
1218 1497 1309 1559 ipsa
1332 1506 1496 1560 quanta
1518 1497 1596 1551 sit,

226 1586 446 1634 quamque
466 1567 554 1613 sola
573 1565 758 1611 sufficiat
776 1565 826 1611 ad
852 1565 1056 1611 tuendam
1090 1566 1341 1613 rationalem
1366 1565 1447 1612 sub
1464 1567 1601 1611 Crea-

226 1653 316 1686 tore
343 1650 601 1687 creaturam„
642 1653 727 1681 non
766 1637 911 1699 potuit
946 1637 1216 1682 excellentius
1238 1637 1447 1692 intimari,
1469 1653 1598 1699 quani

226 1722 274 1756 ut
297 1728 319 1754 a
342 1710 457 1768 ligno
484 1707 822 1770 prohiberentur
845 1711 932 1754 no'n
955 1707 1084 1753 malo.
1113 1707 1237 1753 Absit
1256 1708 1368 1753 enim
1390 1718 1438 1755 ut
1463 1707 1599 1752 bono-

221 1798 316 1828 rum
354 1781 533 1823 Creator
565 1777 640 1838 qui
675 1774 777 1821 fecit
799 1776 942 1826 omnia
966 1794 1013 1820 z«
1037 1779 1090 1822 lit
1107 1794 1206 1824 ecce
1231 1777 1345 1823 bona
1370 1777 1497 1824 valde
1516 1777 1552 1833 ⁶2,
1578 1800 1597 1819 »

222 1851 325 1898 mali
348 1847 512 1912 aliquid
536 1848 580 1899 in
606 1846 721 1892 illius
747 1847 874 1902 etiam
900 1848 1136 1910 corporalis
1164 1849 1349 1910 paradisi
1377 1848 1595 1894 fertilitate

224 1923 454 1986 plantaret.
481 1917 563 1964 Sed
596 1928 643 1962 ut
667 1917 960 1966 ostenderetur
982 1918 1168 1969 homini,
1191 1918 1260 1963 cui
1292 1929 1397 1969 esset
1419 1919 1500 1964 sub
1517 1919 1591 1970 tali

225 1992 413 2041 Domino
434 1988 656 2038 utilissima
678 1988 875 2046 servitus,
896 1999 1108 2050 quantum
1123 2000 1227 2033 esset
1239 1989 1368 2039 solius
1389 1989 1591 2035 obedien·

223 2064 295 2110 tiae
319 2062 504 2115 honum,
529 2075 660 2121 quam
682 2057 817 2110 solam
841 2057 893 2102 de
916 2057 1078 2105 1111111110
1099 2070 1305 2117 exegerat,
1323 2060 1394 2111 cui
1415 2059 1592 2117 obedire

223 2151 309 2179 non
324 2141 502 2195 propter
515 2129 650 2192 ipsius
668 2127 955 2184 dominatum,
979 2128 1048 2173 sed
1070 2139 1246 2191 propter
1263 2129 1480 2177 servientis
1504 2130 1593 2175 uii-

224 2204 386 2249 litateni
407 2202 552 2263 potius
573 2198 820 2260 expediret?
841 2198 897 2245 ab
914 2215 962 2243 eo
979 2198 1095 2258 ligno
1110 2209 1208 2243 sunt
1232 2199 1464 2261 prohibiti,
1504 2217 1590 2262 quo

223 2274 257 2318 si
287 2281 507 2318 uterentur
531 2286 616 2313 non
651 2268 887 2331 prohibiti,
922 2267 1034 2314 nihil
1059 2268 1158 2314 mali
1180 2269 1356 2314 omnino
1385 2280 1590 2332 pateren-

223 2354 296 2389 tur
319 2361 329 2386 :
358 2352 405 2386 ut
429 2339 546 2402 quod
566 2338 639 2384 illo
655 2348 753 2401 post
771 2337 1113 2401 prohibitionem
1141 2349 1306 2384 utentes
1328 2339 1442 2402 passi
1466 2351 1583 2391 sunt,

269 2418 620 2456 1Ρ1·ον.111,18.--’2
637 2422 719 2452 Cen.
745 2432 772 2457 1,
793 2421 845 2451 31.
