1763 2838
264 154 324 202 50
686 169 719 198 s.
763 167 1005 199 AUGUSTINI
1040 167 1242 200 Episcori

261 236 423 289 dentes,
448 234 565 298 quod
601 238 691 293 jani
718 233 799 277 sibi
831 231 968 278 suerat
992 244 1115 280 antea
1149 234 1414 290 nuntiatum,
1441 234 1509 296 (et
1548 235 1634 281 hoc

260 324 408 353 eoium
434 305 668 351 intentione
688 304 786 349 51115
807 303 1134 366 intellioebant)
1163 322 1250 350 non
1271 305 1328 350 ob
1351 305 1468 351 aliud
1493 307 1636 354 Dona-

263 380 382 424 tistas
405 394 577 441 person·
566 393 608 420 15
623 392 815 437 quzeiere
834 393 887 437 p(
894 375 1066 420 litorum
1086 376 1166 420 nisi
1191 386 1238 421 ut
1255 376 1402 422 liceret
1420 377 1476 422 eis
1492 394 1637 440 perso-

264 467 418 496 narum
453 447 715 492 discussione
738 444 1005 505 longissimas
1039 455 1282 508 temporum
1312 457 1354 491 et
1379 447 1638 492 dilationum

262 537 360 566 moi
364 538 405 565 15
430 519 637 570 inse1e1e;
656 517 862 580 ([1101111111
887 516 1162 562 xeliementei
1189 516 1395 561 nolebant
1420 528 1466 562 ut
1484 534 1638 581 perve-

263 592 428 638 niretur
447 589 499 634 ad
522 605 711 642 causam,
733 587 777 632 in
803 605 889 651 qua
911 604 951 631 se
975 587 1085 632 nihil
1105 587 1264 632 habere
1280 587 1398 651 quod
1424 589 1635 644 dicerent,

265 662 377 709 sicut
391 678 454 706 res
470 661 563 723 ipsa
579 658 645 704 vel
661 676 750 703 sero
763 671 908 721 postea
926 657 1147 722 patefecit,
1166 657 1408 722 plenissime
1421 659 1636 705 sciebant:

262 732 458 790 hocergo
478 730 668 775 videntes
681 730 898 774 Catholici
913 767 922 784 ,
943 729 1010 774 nol
1020 740 1412 792 ueruntpersonam
1427 730 1642 792 suscipere

263 803 518 866 petitorum,
542 810 768 845 asserentes
782 817 868 844 non
883 817 923 845 se
941 801 1130 859 objicere
1145 800 1344 855 crimina,
1369 799 1441 845 sed
1467 801 1640 859 objecta

265 872 519 924 defendere3
555 887 654 933 quae
675 887 773 915 cum
795 870 1105 925 defendissent,
1131 881 1172 915 et
1207 868 1312 915 salsa
1332 887 1417 915 esse
1437 870 1640 915 demons-

267 951 466 995 trassent,
503 950 814 1002 consequenter
837 957 906 984 eos
941 957 1149 1003 apparere
1186 940 1261 1003 qui
1282 940 1382 993 sint,
1407 950 1447 984 et
1479 950 1644 1003 quanta

265 1011 494 1075 iniquitate
515 1027 557 1055 se
578 1010 634 1054 ab
659 1010 822 1054 unitate
849 1010 1086 1055 diviserint.
1115 1010 1199 1054 llic
1224 1011 1463 1054 Donatistae
1484 1026 1644 1055 assere-

267 1084 393 1137 bant,
419 1097 696 1144 quocumque
724 1080 854 1125 modo
881 1080 1009 1125 etiam
1034 1080 1086 1125 de
1124 1080 1227 1142 ipsis
1261 1080 1517 1125 criminibus
1547 1096 1645 1142 quae

269 1153 427 1198 vellent
461 1151 624 1196 diluere
641 1187 652 1206 ,
679 1150 798 1195 ultro
821 1149 1042 1195 Catholici
1061 1160 1262 1210 cogerent
1284 1150 1365 1195 sihi
1385 1150 1647 1196 adversarios

269 1221 545 1286 respondere,
568 1221 806 1284 petitorum
825 1239 894 1266 eos
912 1221 1073 1266 habere
1099 1238 1340 1284 personam.
1367 1221 1451 1266 Sed
1478 1221 1643 1267 Catho-

269 1293 345 1340 lici
384 1291 724 1355 respondebant,
753 1291 806 1336 ad
842 1292 928 1336 hoc
953 1309 993 1336 se
1026 1292 1180 1354 petisse
1207 1290 1493 1336 Collationcm
1512 1328 1523 1348 ,
1562 1308 1649 1336 non

272 1364 350 1409 ubi
369 1363 609 1422 objicerent
629 1361 853 1417 diluenda,
874 1362 946 1407 sed
966 1361 1044 1406 ubi
1071 1362 1242 1420 objecta
1262 1360 1468 1407 diluerint
1489 1379 1499 1406 ε
1534 1379 1650 1425 quo-

274 1434 390 1479 niam
413 1442 454 1477 et
493 1431 748 1477 mandatum
776 1432 1100 1476 Donatistarum
1138 1431 1339 1477 adversus
1367 1431 1590 1476 traditores
1612 1441 1653 1475 et

274 1513 569 1568 persecutores
593 1502 758 1548 factum
782 1512 894 1555 erat3
930 1512 970 1546 et
1009 1501 1143 1547 verba
1181 1501 1437 1556 Priainiani,
1479 1499 1653 1565 quando

276 1576 399 1639 prius
417 1591 438 1618 a
455 1572 695 1618 Catholicis
710 1572 763 1617 de
784 1572 1025 1618 Collatione
1047 1582 1282 1617 conventus
1308 1582 1385 1626 est,
1411 1572 1573 1616 crimen
1599 1571 1656 1615 eis

279 1661 378 1690 eum
401 1643 588 1702 objicere
606 1643 892 1697 testabantur,
922 1642 1000 1687 ubi
1025 1641 1187 1686 dixerat
1209 1659 1218 1686 :
1239 1662 1258 1682 (ι
1275 1641 1510 1701 Indignum
1532 1652 1592 1686 est
1611 1651 1658 1685 ut

279 1715 324 1761 in
352 1730 486 1759 unum
512 1713 769 1757 conveniant
791 1712 868 1757 filii
894 1723 1132 1774 martyrum
1168 1723 1209 1756 et
1235 1712 1460 1775 progenies
1482 1712 1658 1757 tradito-

283 1802 380 1831 rum
403 1802 413 1828 :
438 1793 515 1828 »et
534 1783 730 1846 quamvis
757 1794 857 1828 tuuc
884 1782 1079 1827 conferre
1094 1782 1315 1837 noluisset,
1346 1793 1490 1845 postea
1514 1793 1659 1827 tamen

285 1856 331 1902 in
353 1854 521 1915 judicio
552 1853 856 1916 praefectorum
893 1870 934 1898 se
962 1853 1102 1898 audiri
1139 1864 1180 1898 et
1212 1853 1371 1898 discuti
1394 1853 1500 1899 velle
1539 1853 1660 1898 dixe-

286 1937 369 1972 rat.
407 1926 546 1980 Quem
570 1941 717 1969 eorum
738 1924 789 1969 de
810 1923 1047 1969 (loll-atione
1066 1940 1320 1969 consensum
1361 1935 1545 1969 tenentes
1573 1924 1660 1969 Ca—

289 1995 462 2050 tholici,
486 1995 572 2039 hoc
588 2005 633 2039 ut
659 1996 778 2039 lieret
799 1995 853 2039 ab
881 1995 1146 2056 Imperatore
1159 1995 1417 2056 petiverant.

358 2067 407 2112 V.
419 2067 544 2110 Tunc
556 2066 760 2124 jussiteos
774 2066 984 2123 Cognitor
997 2065 1167 2124 objecta
1186 2082 1258 2110 ase
1270 2065 1550 2124 criminajani
1562 2080 1664 2127 pro-

289 2139 412 2192 bare,
428 2153 506 2180 nee
527 2135 579 2180 de
598 2136 732 2198 petita
751 2135 991 2180 Collatione
1014 2152 1242 2198 personam
1267 2134 1461 2198 petitoris
1479 2133 1662 2190 ostendi,

293 2208 325 2253 si
339 2205 514 2260 ctiamsl,
532 2205 868 2267 utriquepetisse
880 2205 1186 2267 probarentur.
1205 2205 1288 2250 Hic
1302 2205 1537 2250 Donatistae
1551 2204 1667 2250 iden·

295 2277 428 2323 tidem
455 2286 599 2339 petere
631 2286 882 2337 creperum,
917 2287 964 2321 ut
983 2275 1035 2320 de
1058 2292 1238 2338 persona
1266 2276 1580 2337 pronuntiaret.
1612 2275 1667 2319 Et

289 2346 590 2412 pronuntiavit
607 2346 833 2405 Cognitor,
849 2345 1013 2402 dicens,
1031 2346 1064 2391 si
1079 2345 1359 2390 Collationcm
1375 2363 1474 2408 pars
1486 2356 1666 2408 utraque

286 2418 522 2484 petivisset,
552 2433 649 2463 euin
674 2434 758 2463 esse
778 2416 1024 2481 petitorem,
1050 2415 1123 2480 qui
1150 2416 1333 2463 crimina
1353 2415 1575 2476 objiceret.
1610 2415 1665 2461 Et

332 2502 344 2525 ¹
362 2503 454 2532 Forte
473 2510 552 2532 eam.
