1763 2838
138 262 313 294 CONTRA
349 261 645 292 GAUDENTIUM
681 261 862 298 DONAT..
888 264 1051 304 revise„
1090 265 1177 297 Lm.
1221 268 1270 298 Π.
1348 252 1440 315 259

66 345 228 392 pravus
252 327 439 373 assumit.
468 327 525 371 Et
546 326 653 373 dum
677 327 759 373 sibi
775 345 942 392 semper
961 365 970 383 ‚
992 330 1171 391 qnidam
1193 332 1292 395 plus
1308 350 1441 396 quam

66 398 361 458 mitisjustitia
378 397 594 460 deposcit,
621 409 862 454 assumunt,
881 398 933 443 de
958 398 1148 445 Ecclesia
1166 413 1379 464 pereunt:
1402 414 1443 448 et

68 469 175 515 dum
196 486 237 514 se
258 469 487 514 insolenter
506 467 739 524 extollunt,
761 468 856 532 ipso
877 485 953 514 suo
976 479 1143 516 tumore
1163 474 1315 518 caecati
1335 473 1445 520 veri-

67 540 166 586 tatis
197 539 345 584 lumen
378 539 640 584 amittunt.»
666 538 901 583 Beatissimi
937 539 1149 602 Cypriani
1182 554 1283 587 sunt
1312 544 1447 590 verba

66 610 171 665 ista,
200 627 288 654 non
308 626 399 654 mea
422 627 431 653 ε
457 613 547 669 ejus
571 608 773 655 videlicet
790 609 924 655 verba
947 620 1050 654 sunt
1069 647 1079 665 ‚
1102 628 1232 674 quem
1254 623 1300 658 tu
1321 613 1448 659 nobis

67 680 349 726 lectissimum
378 690 528 725 testem
546 679 755 726 catholici
779 679 989 735 nominis,
1018 680 1062 725 in
1097 692 1274 728 tuorum
1305 684 1450 747 scrip-

69 762 211 796 torum
235 750 409 796 exordio
433 751 642 813 posuisti,
670 760 711 795 et
741 767 819 814 per
848 750 986 795 multa
1013 751 1305 814 copiosissime
1324 771 1450 799 com-

70 821 307 877 mendasti,
340 822 427 866 imo
451 838 530 884 per
562 821 708 883 ipsum
739 821 976 884 (quoniam
1012 838 1111 867 vera
1147 832 1274 886 atque
1302 824 1451 871 divina

72 891 364 954 suntvelba),
386 902 485 936 sunt
504 892 596 938 Dei.
630 892 743 937 Eece
763 891 883 955 quod
902 892 1006 938 audi
1026 930 1036 949 ,
1059 910 1158 939 ecee
1182 895 1301 957 quod
1320 912 1446 952 cave,

71 977 120 1008 ut
143 962 376 1022 adjuvante
413 961 709 1006 misericordia
748 962 1006 1017 Salvatoris‚
1041 963 1170 1008 simul
1194 964 1452 1011 charitatem

68 1032 330 1079 catholicam
351 1043 583 1078 teneamus.
605 1032 735 1077 simul
751 1050 905 1095 pacem
923 1032 1185 1078 catholicam
1201 1033 1448 1095 diligamus,

69 1102 197 1148 simul
222 1119 322 1147 cum
340 1105 428 1160 ejus
444 1100 672 1146 frumentis
698 1119 1007 1165 usquequaque
1032 1120 1296 1161 crescamus,
1323 1106 1451 1150 simul

70 1190 204 1236 usque
226 1172 279 1217 ad
303 1173 433 1217 finem
466 1171 627 1216 zizania
662 1172 890 1218 toleremus
910 1210 919 1223 .
947 1173 1077 1217 simul
1101 1173 1146 1217 in
1175 1174 1332 1219 horreo
1365 1175 1454 1220 sine

72 1246 157 1289 fine
174 1244 383 1290 vivamus.
406 1242 534 1287 Vides
552 1260 708 1305 nempe
731 1243 820 1287 sine
840 1243 926 1288 ulla
942 1243 1187 1289 defensione
1207 1245 1450 1302 Caeeiliani,

72 1312 457 1376 v·ekqt10ru111li]>et
486 1312 715 1357 hominum
738 1329 846 1375 quos
871 1313 1136 1358 accusandos
1156 1316 1347 1377 putatis,
1378 1334 1454 1362 ca-

73 1384 282 1429 tholicam
308 1400 383 1428 suo
409 1383 566 1428 robore
592 1400 640 1428 ac
664 1384 868 1429 firmitate
901 1384 1146 1431 consistere.
1182 1386 1394 1442 Quamvis
1412 1398 1453 1433 et

73 1454 299 1500 Caeciliani
320 1471 492 1499 causam
516 1453 701 1498 tlollatio
723 1464 866 1498 nostra
887 1455 1139 1517 purgaverit
1157 1473 1166 1500 :
1189 1467 1231 1501 et
1251 1456 1450 1515 aliorum,

72 1525 125 1570 de
150 1525 311 1588 quibus
335 1523 690 1579 calumniamini,
720 1535 795 1569 aut
828 1524 964 1570 dubia
995 1525 1047 1569 sit
1080 1526 1350 1584 criminatio,
1383 1539 1456 1574 aut

71 1597 230 1656 injusta
265 1594 499 1640 damnatio.
542 1594 626 1639 Sed
658 1594 785 1640 valde
822 1595 1001 1641 stultum
1040 1607 1126 1652 est,
1166 1608 1213 1643 ut
1248 1599 1454 1646 Ecclesiae

71 1685 244 1714 causam
266 1704 275 1722 ,
313 1666 472 1712 divinis
502 1666 757 1711 testimoniis
791 1667 948 1712 fultam
980 1677 1107 1730 atque
1141 1671 1383 1728 munitam,
1407 1672 1454 1716 in

72 1738 302 1784 hominum
339 1737 478 1782 causis
524 1737 689 1781 ratione
731 1738 1000 1783 exorbitante
1036 1756 1250 1801 ponamus
1292 1759 1303 1786 2
1325 1744 1451 1805 [eum

71 1809 237 1855 etiamsi
264 1807 358 1853 illos
396 1807 530 1852 malos
560 1806 902 1853 manifestissime
938 1808 1210 1868 videremus,
1251 1830 1330 1858 nee
1357 1817 1450 1873 jam

70 1896 267 1943 separare
296 1897 318 1924 a
344 1880 623 1924 sacramentis
655 1878 861 1923 Ecclesiae
896 1879 1159 1939 valeremus,
1194 1900 1281 1929 non
1307 1894 1450 1930 tamen

72 1950 275 2014 impediri
301 1949 477 1995 deberet
509 1960 582 1994 aut
605 1949 710 1994 fides
736 1960 810 1994 aut
842 1950 1032 1994 charitas
1059 1963 1227 2009 nostra,
1264 1965 1313 2000 ut
1336 1972 1452 2018 quo-

72 2022 190 2067 niam
210 2032 251 2066 et
281 2021 382 2066 istos
412 2020 525 2065 inter
556 2020 719 2064 zizania
747 2036 832 2064 esse
860 2020 903 2064 in
928 2020 1118 2066 Ecclesia
1149 2040 1418 2071 cerneremus
1436 2062 1447 2082 ‚

72 2092 156 2155 ipsi
181 2092 234 2137 de
254 2091 444 2136 Ecclesia
466 2089 661 2134 recedere
686 2089 954 2136 deberemus.
986 2090 1031 2135 Si
1058 2094 1315 2155 respondere
1339 2096 1455 2157 cogi-

74 2173 138 2207 tas
154 2199 164 2218 ,
187 2161 278 2207 noli
296 2177 470 2206 eausam
491 2159 730 2221 relinquere
749 2196 760 2215 ,
787 2170 827 2204 et
848 2160 893 2204 in
913 2164 1240 2222 supervacaneis
1263 2168 1447 2226 evagari.

73 2234 137 2278 Ea
163 2250 262 2296 quas
290 2231 405 2276 dicta
429 2241 528 2275 sunt
544 2267 554 2285 ‚
577 2231 745 2275 intuere
768 2248 777 2274 ε
806 2230 859 2275 ad
881 2248 927 2275 ea
953 2247 1052 2294 quae
1076 2231 1195 2279 dieta
1216 2247 1339 2294 sunt,
1364 2255 1450 2284 non

73 2304 283 2350 fallaciter
323 2301 568 2357 eludendo,
609 2301 682 2347 sed
720 2302 1038 2347 rationabiliter
1072 2303 1338 2368 disputando
1368 2327 1452 2355 res-

74 2374 233 2438 ponde.
264 2375 373 2419 Ram
400 2372 473 2417 illa
500 2371 665 2434 prolixa
686 2372 962 2435 responsione
987 2373 1094 2436 quid
1115 2376 1272 2435 egeris,
1304 2380 1453 2442 potius

73 2462 205 2508 quam
234 2444 346 2489 nihil
371 2442 503 2503 egeris
521 2479 531 2497 ,
558 2442 590 2487 si
624 2443 908 2488 necessarium
942 2444 1083 2488 visum
1113 2443 1270 2503 fuerit,
1293 2449 1449 2495 Domi-

74 2532 241 2579 nusque
260 2514 485 2561 donaverit
505 2549 514 2569 ‚
539 2530 668 2575 opere
685 2512 767 2558 alio
791 2511 1039 2572 diligentius
1057 2513 1379 2566 demonstrabo.

1248 2605 1316 2651 ¹7·
1375 2640 1379 2643 ,
