<?xml version="1.0" encoding="UTF-8"?>
<!DOCTYPE html PUBLIC "-//W3C//DTD XHTML 1.0 Transitional//EN"
    "http://www.w3.org/TR/xhtml1/DTD/xhtml1-transitional.dtd">
<html xmlns="http://www.w3.org/1999/xhtml" xml:lang="en" lang="en">
 <head>
  <title>
</title>
<meta http-equiv="Content-Type" content="text/html;charset=utf-8" />
  <meta name='ocr-system' content='tesseract 3.04.00' />
  <meta name='ocr-capabilities' content='ocr_page ocr_carea ocr_par ocr_line ocrx_word'/>
</head>
<body>
  <div class='ocr_page' id='page_1' title='image "./operaomniaaccura33auguuoft_0386.png"; bbox 0 0 1763 2838; ppageno 0'>
   <div class='ocr_carea' id='block_1_1' title="bbox 251 144 1237 206">
    <p class='ocr_par' dir='ltr' id='par_1_1' title="bbox 251 144 1237 206">
     <span class='ocr_line' id='line_1_1' title="bbox 251 144 1237 206; baseline -0.002 -16"><span class='ocrx_word' id='word_1_1' title='bbox 251 144 345 206; x_wconf 83' lang='lat'>376</span> <span class='ocrx_word' id='word_1_2' title='bbox 677 153 713 185; x_wconf 82' lang='lat' dir='ltr'>s,</span> <span class='ocrx_word' id='word_1_3' title='bbox 756 152 999 187; x_wconf 75' lang='lat' dir='ltr'>Anousrrm</span> <span class='ocrx_word' id='word_1_4' title='bbox 1034 155 1237 188; x_wconf 74' lang='lat' dir='ltr'>131³1scor1</span> 
     </span>
    </p>
   </div>
   <div class='ocr_carea' id='block_1_2' title="bbox 247 219 1631 847">
    <p class='ocr_par' dir='ltr' id='par_1_2' title="bbox 247 219 1631 847">
     <span class='ocr_line' id='line_1_2' title="bbox 251 219 1624 287; baseline 0.001 -19"><span class='ocrx_word' id='word_1_5' title='bbox 251 221 490 269; x_wconf 83' lang='lat' dir='ltr'>mortaliter</span> <span class='ocrx_word' id='word_1_6' title='bbox 523 219 634 266; x_wconf 88' lang='lat' dir='ltr'>filios</span> <span class='ocrx_word' id='word_1_7' title='bbox 666 219 908 265; x_wconf 78' lang='lat' dir='ltr'>mortaliter</span> <span class='ocrx_word' id='word_1_8' title='bbox 936 233 1138 281; x_wconf 84' lang='lat' dir='ltr'>generant</span> <span class='ocrx_word' id='word_1_9' title='bbox 1171 238 1271 269; x_wconf 92' lang='lat' dir='ltr'>cum</span> <span class='ocrx_word' id='word_1_10' title='bbox 1304 239 1352 269; x_wconf 85' lang='lat' dir='ltr'>ea</span> <span class='ocrx_word' id='word_1_11' title='bbox 1385 222 1624 287; x_wconf 83' lang='lat' dir='ltr'>propagine</span> 
     </span>
     <span class='ocr_line' id='line_1_3' title="bbox 250 290 1621 356; baseline 0.001 -19"><span class='ocrx_word' id='word_1_12' title='bbox 250 292 420 356; x_wconf 85' lang='lat' dir='ltr'>peccati</span> <span class='ocrx_word' id='word_1_13' title='bbox 437 329 447 347; x_wconf 76' lang='lat'>,</span> <span class='ocrx_word' id='word_1_14' title='bbox 476 307 563 354; x_wconf 89' lang='lat' dir='ltr'>qua</span> <span class='ocrx_word' id='word_1_15' title='bbox 596 290 659 335; x_wconf 89' lang='lat' dir='ltr'>illi</span> <span class='ocrx_word' id='word_1_16' title='bbox 682 290 757 353; x_wconf 91' lang='lat' dir='ltr'>qui</span> <span class='ocrx_word' id='word_1_17' title='bbox 781 291 918 337; x_wconf 88' lang='lat' dir='ltr'>renati</span> <span class='ocrx_word' id='word_1_18' title='bbox 955 304 1056 338; x_wconf 89' lang='lat' dir='ltr'>sunt</span> <span class='ocrx_word' id='word_1_19' title='bbox 1090 293 1263 340; x_wconf 82' lang='lat' dir='ltr'>obnoxii</span> <span class='ocrx_word' id='word_1_20' title='bbox 1289 311 1376 340; x_wconf 90' lang='lat' dir='ltr'>non</span> <span class='ocrx_word' id='word_1_21' title='bbox 1396 304 1621 351; x_wconf 84' lang='lat' dir='ltr'>tenentur,</span> 
     </span>
     <span class='ocr_line' id='line_1_4' title="bbox 251 361 1626 425; baseline 0.001 -17"><span class='ocrx_word' id='word_1_22' title='bbox 251 374 293 408; x_wconf 87' lang='lat' dir='ltr'>et</span> <span class='ocrx_word' id='word_1_23' title='bbox 313 379 400 425; x_wconf 85' lang='lat' dir='ltr'>qua</span> <span class='ocrx_word' id='word_1_24' title='bbox 424 361 487 407; x_wconf 90' lang='lat' dir='ltr'>illi</span> <span class='ocrx_word' id='word_1_25' title='bbox 507 361 584 424; x_wconf 89' lang='lat' dir='ltr'>qui</span> <span class='ocrx_word' id='word_1_26' title='bbox 600 372 840 407; x_wconf 90' lang='lat' dir='ltr'>nascuntur</span> <span class='ocrx_word' id='word_1_27' title='bbox 869 362 1131 409; x_wconf 84' lang='lat' dir='ltr'>renascendo</span> <span class='ocrx_word' id='word_1_28' title='bbox 1151 364 1392 412; x_wconf 85' lang='lat' dir='ltr'>solvuntur.</span> <span class='ocrx_word' id='word_1_29' title='bbox 1417 363 1626 421; x_wconf 88' lang='lat' dir='ltr'>Quandiu</span> 
     </span>
     <span class='ocr_line' id='line_1_5' title="bbox 250 431 1627 495; baseline 0.001 -17"><span class='ocrx_word' id='word_1_30' title='bbox 250 450 351 492; x_wconf 84' lang='lat' dir='ltr'>ergo</span> <span class='ocrx_word' id='word_1_31' title='bbox 368 442 512 477; x_wconf 81' lang='lat' dir='ltr'>manet</span> <span class='ocrx_word' id='word_1_32' title='bbox 531 431 595 477; x_wconf 87' lang='lat' dir='ltr'>lex</span> <span class='ocrx_word' id='word_1_33' title='bbox 620 433 1075 495; x_wconf 82' lang='lat' dir='ltr'>concupiscentialiter</span> <span class='ocrx_word' id='word_1_34' title='bbox 1098 434 1143 479; x_wconf 92' lang='lat' dir='ltr'>in</span> <span class='ocrx_word' id='word_1_35' title='bbox 1173 435 1402 491; x_wconf 80' lang='lat' dir='ltr'>membris,</span> <span class='ocrx_word' id='word_1_36' title='bbox 1426 445 1627 480; x_wconf 86' lang='lat' dir='ltr'>manente</span> 
     </span>
     <span class='ocr_line' id='line_1_6' title="bbox 249 502 1628 567; baseline 0.003 -21"><span class='ocrx_word' id='word_1_37' title='bbox 249 502 343 565; x_wconf 86' lang='lat' dir='ltr'>ipsa</span> <span class='ocrx_word' id='word_1_38' title='bbox 362 512 505 546; x_wconf 84' lang='lat' dir='ltr'>reatus</span> <span class='ocrx_word' id='word_1_39' title='bbox 521 504 612 560; x_wconf 88' lang='lat' dir='ltr'>ejus</span> <span class='ocrx_word' id='word_1_40' title='bbox 637 502 842 557; x_wconf 79' lang='lat' dir='ltr'>solvitur3</span> <span class='ocrx_word' id='word_1_41' title='bbox 872 502 945 548; x_wconf 86' lang='lat' dir='ltr'>sed</span> <span class='ocrx_word' id='word_1_42' title='bbox 972 503 1009 549; x_wconf 91' lang='lat' dir='ltr'>ei</span> <span class='ocrx_word' id='word_1_43' title='bbox 1037 503 1244 560; x_wconf 81' lang='lat' dir='ltr'>solvitur,</span> <span class='ocrx_word' id='word_1_44' title='bbox 1272 505 1350 567; x_wconf 91' lang='lat' dir='ltr'>qui</span> <span class='ocrx_word' id='word_1_45' title='bbox 1381 522 1628 551; x_wconf 88' lang='lat' dir='ltr'>sacramen-</span> 
     </span>
     <span class='ocr_line' id='line_1_7' title="bbox 249 572 1629 639; baseline 0.002 -22"><span class='ocrx_word' id='word_1_46' title='bbox 249 583 344 618; x_wconf 92' lang='lat' dir='ltr'>tum</span> <span class='ocrx_word' id='word_1_47' title='bbox 369 572 701 632; x_wconf 81' lang='lat' dir='ltr'>regenerationis</span> <span class='ocrx_word' id='word_1_48' title='bbox 732 575 902 637; x_wconf 84' lang='lat' dir='ltr'>accepit</span> <span class='ocrx_word' id='word_1_49' title='bbox 937 576 1221 638; x_wconf 79' lang='lat' dir='ltr'>renovarique</span> <span class='ocrx_word' id='word_1_50' title='bbox 1249 579 1340 635; x_wconf 87' lang='lat' dir='ltr'>jam</span> <span class='ocrx_word' id='word_1_51' title='bbox 1371 577 1522 639; x_wconf 86' lang='lat' dir='ltr'>coepit.</span> <span class='ocrx_word' id='word_1_52' title='bbox 1562 577 1629 621; x_wconf 86' lang='lat' dir='ltr'>Ex</span> 
     </span>
     <span class='ocr_line' id='line_1_8' title="bbox 247 643 1630 709; baseline 0.002 -21"><span class='ocrx_word' id='word_1_53' title='bbox 247 643 325 688; x_wconf 87' lang='lat' dir='ltr'>illa</span> <span class='ocrx_word' id='word_1_54' title='bbox 357 654 501 689; x_wconf 89' lang='lat' dir='ltr'>autem</span> <span class='ocrx_word' id='word_1_55' title='bbox 522 654 722 689; x_wconf 87' lang='lat' dir='ltr'>manente</span> <span class='ocrx_word' id='word_1_56' title='bbox 752 645 1120 709; x_wconf 78' lang='lat' dir='ltr'>concupiscentiae</span> <span class='ocrx_word' id='word_1_57' title='bbox 1142 656 1352 691; x_wconf 78' lang='lat' dir='ltr'>vetustate</span> <span class='ocrx_word' id='word_1_58' title='bbox 1384 646 1504 709; x_wconf 89' lang='lat' dir='ltr'>quod</span> <span class='ocrx_word' id='word_1_59' title='bbox 1526 662 1630 691; x_wconf 83' lang='lat' dir='ltr'>nas-</span> 
     </span>
     <span class='ocr_line' id='line_1_9' title="bbox 250 713 1630 779; baseline 0.001 -20"><span class='ocrx_word' id='word_1_60' title='bbox 250 714 383 770; x_wconf 79' lang='lat' dir='ltr'>citur,</span> <span class='ocrx_word' id='word_1_61' title='bbox 412 714 577 760; x_wconf 85' lang='lat' dir='ltr'>renasci</span> <span class='ocrx_word' id='word_1_62' title='bbox 600 713 766 774; x_wconf 81' lang='lat' dir='ltr'>indiget</span> <span class='ocrx_word' id='word_1_63' title='bbox 791 726 839 760; x_wconf 90' lang='lat' dir='ltr'>ut</span> <span class='ocrx_word' id='word_1_64' title='bbox 858 726 1045 762; x_wconf 87' lang='lat' dir='ltr'>sanetur.</span> <span class='ocrx_word' id='word_1_65' title='bbox 1074 716 1185 771; x_wconf 68' lang='lat' dir='ltr'>Quia</span> <span class='ocrx_word' id='word_1_66' title='bbox 1210 726 1409 779; x_wconf 86' lang='lat' dir='ltr'>parentes</span> <span class='ocrx_word' id='word_1_67' title='bbox 1425 716 1572 761; x_wconf 88' lang='lat' dir='ltr'>fideles</span> <span class='ocrx_word' id='word_1_68' title='bbox 1589 726 1630 761; x_wconf 88' lang='lat' dir='ltr'>et</span> 
     </span>
     <span class='ocr_line' id='line_1_10' title="bbox 251 784 1631 847; baseline 0.001 -18"><span class='ocrx_word' id='word_1_69' title='bbox 251 785 343 829; x_wconf 86' lang='lat' dir='ltr'>nati</span> <span class='ocrx_word' id='word_1_70' title='bbox 363 784 591 830; x_wconf 80' lang='lat' dir='ltr'>carnaliter</span> <span class='ocrx_word' id='word_1_71' title='bbox 606 795 647 829; x_wconf 86' lang='lat' dir='ltr'>et</span> <span class='ocrx_word' id='word_1_72' title='bbox 661 785 798 830; x_wconf 86' lang='lat' dir='ltr'>renati</span> <span class='ocrx_word' id='word_1_73' title='bbox 817 785 1084 847; x_wconf 74' lang='lat' dir='ltr'>spiritaliter,</span> <span class='ocrx_word' id='word_1_74' title='bbox 1105 785 1216 831; x_wconf 90' lang='lat' dir='ltr'>filios</span> <span class='ocrx_word' id='word_1_75' title='bbox 1230 785 1460 831; x_wconf 83' lang='lat' dir='ltr'>carnaliter</span> <span class='ocrx_word' id='word_1_76' title='bbox 1477 802 1631 846; x_wconf 85' lang='lat' dir='ltr'>genue-</span> 
     </span>
    </p>
   </div>
   <div class='ocr_carea' id='block_1_3' title="bbox 254 854 1631 987">
    <p class='ocr_par' dir='ltr' id='par_1_3' title="bbox 254 854 1631 987">
     <span class='ocr_line' id='line_1_11' title="bbox 254 854 1631 918; baseline 0.001 -20"><span class='ocrx_word' id='word_1_77' title='bbox 254 865 358 898; x_wconf 90' lang='lat' dir='ltr'>runt</span> <span class='ocrx_word' id='word_1_78' title='bbox 376 873 387 907; x_wconf 89' lang='lat'>;</span> <span class='ocrx_word' id='word_1_79' title='bbox 414 854 494 899; x_wconf 91' lang='lat' dir='ltr'>filii</span> <span class='ocrx_word' id='word_1_80' title='bbox 516 871 618 900; x_wconf 76' lang='lat' dir='ltr'>vero</span> <span class='ocrx_word' id='word_1_81' title='bbox 640 866 872 917; x_wconf 86' lang='lat' dir='ltr'>antequam</span> <span class='ocrx_word' id='word_1_82' title='bbox 904 865 1183 901; x_wconf 84' lang='lat' dir='ltr'>nascerentur</span> <span class='ocrx_word' id='word_1_83' title='bbox 1197 892 1208 911; x_wconf 78' lang='grc'>,</span> <span class='ocrx_word' id='word_1_84' title='bbox 1226 856 1392 901; x_wconf 88' lang='lat' dir='ltr'>renasci</span> <span class='ocrx_word' id='word_1_85' title='bbox 1410 855 1631 918; x_wconf 89' lang='lat' dir='ltr'>quomodo</span> 
     </span>
     <span class='ocr_line' id='line_1_12' title="bbox 254 934 508 987; baseline 0 -18"><span class='ocrx_word' id='word_1_86' title='bbox 254 934 508 987; x_wconf 87' lang='lat' dir='ltr'>potuerunt.</span> 
     </span>
    </p>
   </div>
   <div class='ocr_carea' id='block_1_4' title="bbox 259 992 1647 2393">
    <p class='ocr_par' dir='ltr' id='par_1_4' title="bbox 259 992 1647 2163">
     <span class='ocr_line' id='line_1_13' title="bbox 320 992 1635 1056; baseline 0.001 -18"><span class='ocrx_word' id='word_1_87' title='bbox 320 994 475 1040; x_wconf 62' lang='lat' dir='ltr'>XLVI.</span> <span class='ocrx_word' id='word_1_88' title='bbox 509 994 599 1039; x_wconf 88' lang='lat' dir='ltr'>Nec</span> <span class='ocrx_word' id='word_1_89' title='bbox 619 994 803 1049; x_wconf 80' lang='lat' dir='ltr'>mireris,</span> <span class='ocrx_word' id='word_1_90' title='bbox 830 993 950 1056; x_wconf 89' lang='lat' dir='ltr'>quod</span> <span class='ocrx_word' id='word_1_91' title='bbox 977 992 1082 1049; x_wconf 81' lang='lat' dir='ltr'>dixi,</span> <span class='ocrx_word' id='word_1_92' title='bbox 1110 1004 1311 1039; x_wconf 86' lang='lat' dir='ltr'>manente</span> <span class='ocrx_word' id='word_1_93' title='bbox 1323 994 1635 1056; x_wconf 88' lang='lat' dir='ltr'>concupiscen-</span> 
     </span>
     <span class='ocr_line' id='line_1_14' title="bbox 260 1062 1635 1126; baseline 0.001 -19"><span class='ocrx_word' id='word_1_94' title='bbox 260 1063 416 1108; x_wconf 84' lang='lat' dir='ltr'>tialiter</span> <span class='ocrx_word' id='word_1_95' title='bbox 442 1063 534 1123; x_wconf 84' lang='lat' dir='ltr'>lege</span> <span class='ocrx_word' id='word_1_96' title='bbox 556 1064 727 1126; x_wconf 85' lang='lat' dir='ltr'>peccati</span> <span class='ocrx_word' id='word_1_97' title='bbox 750 1073 914 1109; x_wconf 86' lang='lat' dir='ltr'>reatum</span> <span class='ocrx_word' id='word_1_98' title='bbox 937 1065 1031 1122; x_wconf 74' lang='lat' dir='ltr'>eJ&#39;us</span> <span class='ocrx_word' id='word_1_99' title='bbox 1053 1062 1158 1109; x_wconf 81' lang='lat' dir='ltr'>solvi</span> <span class='ocrx_word' id='word_1_100' title='bbox 1185 1081 1264 1126; x_wconf 79' lang='lat' dir='ltr'>per</span> <span class='ocrx_word' id='word_1_101' title='bbox 1292 1064 1471 1123; x_wconf 82' lang='lat' dir='ltr'>gratiam</span> <span class='ocrx_word' id='word_1_102' title='bbox 1490 1081 1635 1109; x_wconf 82' lang='lat' dir='ltr'>sacra-</span> 
     </span>
     <span class='ocr_line' id='line_1_15' title="bbox 260 1133 1636 1197; baseline 0.001 -19"><span class='ocrx_word' id='word_1_103' title='bbox 260 1134 409 1180; x_wconf 84' lang='lat' dir='ltr'>menti.</span> <span class='ocrx_word' id='word_1_104' title='bbox 431 1134 553 1179; x_wconf 88' lang='lat' dir='ltr'>Sicut</span> <span class='ocrx_word' id='word_1_105' title='bbox 569 1134 682 1179; x_wconf 90' lang='lat' dir='ltr'>enim</span> <span class='ocrx_word' id='word_1_106' title='bbox 701 1133 831 1189; x_wconf 79' lang='lat' dir='ltr'>facta,</span> <span class='ocrx_word' id='word_1_107' title='bbox 849 1145 890 1179; x_wconf 89' lang='lat' dir='ltr'>et</span> <span class='ocrx_word' id='word_1_108' title='bbox 911 1134 1045 1188; x_wconf 83' lang='lat' dir='ltr'>dicta,</span> <span class='ocrx_word' id='word_1_109' title='bbox 1061 1144 1102 1178; x_wconf 88' lang='lat' dir='ltr'>et</span> <span class='ocrx_word' id='word_1_110' title='bbox 1117 1134 1480 1197; x_wconf 84' lang='lat' dir='ltr'>cogitatainiqua‚</span> <span class='ocrx_word' id='word_1_111' title='bbox 1499 1151 1636 1197; x_wconf 88' lang='lat' dir='ltr'>quan-</span> 
     </span>
     <span class='ocr_line' id='line_1_16' title="bbox 264 1203 1636 1267; baseline 0 -19"><span class='ocrx_word' id='word_1_112' title='bbox 264 1215 357 1249; x_wconf 90' lang='lat' dir='ltr'>tum</span> <span class='ocrx_word' id='word_1_113' title='bbox 397 1203 450 1249; x_wconf 91' lang='lat' dir='ltr'>ad</span> <span class='ocrx_word' id='word_1_114' title='bbox 487 1204 603 1267; x_wconf 89' lang='lat' dir='ltr'>ipsos</span> <span class='ocrx_word' id='word_1_115' title='bbox 641 1214 784 1248; x_wconf 84' lang='lat' dir='ltr'>motus</span> <span class='ocrx_word' id='word_1_116' title='bbox 821 1204 951 1249; x_wconf 88' lang='lat' dir='ltr'>animi</span> <span class='ocrx_word' id='word_1_117' title='bbox 987 1213 1027 1248; x_wconf 88' lang='lat' dir='ltr'>et</span> <span class='ocrx_word' id='word_1_118' title='bbox 1065 1204 1260 1266; x_wconf 88' lang='lat' dir='ltr'>corporis</span> <span class='ocrx_word' id='word_1_119' title='bbox 1297 1205 1482 1267; x_wconf 83' lang='lat' dir='ltr'>pertinet</span> <span class='ocrx_word' id='word_1_120' title='bbox 1502 1241 1512 1259; x_wconf 80' lang='lat'>‚</span> <span class='ocrx_word' id='word_1_121' title='bbox 1545 1207 1636 1262; x_wconf 83' lang='lat' dir='ltr'>jam</span> 
     </span>
     <span class='ocr_line' id='line_1_17' title="bbox 261 1274 1637 1337; baseline 0 -18"><span class='ocrx_word' id='word_1_122' title='bbox 261 1274 567 1337; x_wconf 77' lang='lat' dir='ltr'>praeterierunt</span> <span class='ocrx_word' id='word_1_123' title='bbox 581 1285 623 1319; x_wconf 86' lang='lat' dir='ltr'>et</span> <span class='ocrx_word' id='word_1_124' title='bbox 651 1292 737 1319; x_wconf 87' lang='lat' dir='ltr'>non</span> <span class='ocrx_word' id='word_1_125' title='bbox 751 1274 876 1319; x_wconf 70' lang='lat' dir='ltr'>sunt1</span> <span class='ocrx_word' id='word_1_126' title='bbox 897 1294 907 1328; x_wconf 89' lang='grc'>;</span> <span class='ocrx_word' id='word_1_127' title='bbox 928 1275 1134 1319; x_wconf 84' lang='lat' dir='ltr'>eistamen</span> <span class='ocrx_word' id='word_1_128' title='bbox 1149 1275 1531 1337; x_wconf 83' lang='lat' dir='ltr'>praeteritisetnon</span> <span class='ocrx_word' id='word_1_129' title='bbox 1544 1285 1637 1319; x_wconf 89' lang='lat' dir='ltr'>tum</span> 
     </span>
     <span class='ocr_line' id='line_1_18' title="bbox 264 1344 1638 1407; baseline 0.001 -18"><span class='ocrx_word' id='word_1_130' title='bbox 264 1344 544 1389; x_wconf 77' lang='lat' dir='ltr'>existentibus</span> <span class='ocrx_word' id='word_1_131' title='bbox 578 1355 719 1389; x_wconf 86' lang='lat' dir='ltr'>reatus</span> <span class='ocrx_word' id='word_1_132' title='bbox 753 1361 901 1389; x_wconf 85' lang='lat' dir='ltr'>eorum</span> <span class='ocrx_word' id='word_1_133' title='bbox 931 1355 1099 1399; x_wconf 82' lang='lat' dir='ltr'>manet,</span> <span class='ocrx_word' id='word_1_134' title='bbox 1153 1344 1234 1389; x_wconf 88' lang='lat' dir='ltr'>nisi</span> <span class='ocrx_word' id='word_1_135' title='bbox 1259 1356 1542 1407; x_wconf 83' lang='lat' dir='ltr'>peccatorum</span> <span class='ocrx_word' id='word_1_136' title='bbox 1567 1360 1638 1390; x_wconf 85' lang='lat' dir='ltr'>re-</span> 
     </span>
     <span class='ocr_line' id='line_1_19' title="bbox 260 1413 1635 1478; baseline -0.001 -19"><span class='ocrx_word' id='word_1_137' title='bbox 260 1415 459 1459; x_wconf 87' lang='lat' dir='ltr'>missione</span> <span class='ocrx_word' id='word_1_138' title='bbox 490 1413 681 1460; x_wconf 87' lang='lat' dir='ltr'>solvatur</span> <span class='ocrx_word' id='word_1_139' title='bbox 704 1432 714 1459; x_wconf 87' lang='lat'>:</span> <span class='ocrx_word' id='word_1_140' title='bbox 743 1415 802 1459; x_wconf 92' lang='lat' dir='ltr'>sic</span> <span class='ocrx_word' id='word_1_141' title='bbox 826 1426 978 1460; x_wconf 90' lang='lat' dir='ltr'>contra</span> <span class='ocrx_word' id='word_1_142' title='bbox 1002 1415 1047 1460; x_wconf 95' lang='lat' dir='ltr'>in</span> <span class='ocrx_word' id='word_1_143' title='bbox 1070 1414 1153 1459; x_wconf 84' lang='lat' dir='ltr'>hac</span> <span class='ocrx_word' id='word_1_144' title='bbox 1174 1419 1367 1475; x_wconf 85' lang='lat' dir='ltr'>nonjam</span> <span class='ocrx_word' id='word_1_145' title='bbox 1387 1415 1607 1478; x_wconf 63' lang='lat' dir='ltr'>praeterita</span> <span class='ocrx_word' id='word_1_146' title='bbox 1624 1451 1635 1469; x_wconf 72' lang='grc'><em>,</em></span> 
     </span>
     <span class='ocr_line' id='line_1_20' title="bbox 259 1485 1639 1549; baseline 0 -19"><span class='ocrx_word' id='word_1_147' title='bbox 259 1486 333 1531; x_wconf 88' lang='lat' dir='ltr'>sed</span> <span class='ocrx_word' id='word_1_148' title='bbox 350 1485 496 1530; x_wconf 86' lang='lat' dir='ltr'>adhuc</span> <span class='ocrx_word' id='word_1_149' title='bbox 513 1496 715 1530; x_wconf 89' lang='lat' dir='ltr'>manente</span> <span class='ocrx_word' id='word_1_150' title='bbox 737 1486 828 1545; x_wconf 83' lang='lat' dir='ltr'>lege</span> <span class='ocrx_word' id='word_1_151' title='bbox 848 1485 1234 1549; x_wconf 73' lang='lat' dir='ltr'>concupiscentiae,</span> <span class='ocrx_word' id='word_1_152' title='bbox 1267 1496 1410 1531; x_wconf 84' lang='lat' dir='ltr'>reatus</span> <span class='ocrx_word' id='word_1_153' title='bbox 1435 1489 1525 1545; x_wconf 86' lang='lat' dir='ltr'>ejus</span> <span class='ocrx_word' id='word_1_154' title='bbox 1550 1485 1639 1531; x_wconf 87' lang='lat' dir='ltr'>sol-</span> 
     </span>
     <span class='ocr_line' id='line_1_21' title="bbox 259 1555 1639 1619; baseline -0.001 -17"><span class='ocrx_word' id='word_1_155' title='bbox 259 1557 401 1611; x_wconf 84' lang='lat' dir='ltr'>vitur,</span> <span class='ocrx_word' id='word_1_156' title='bbox 440 1565 481 1600; x_wconf 88' lang='lat' dir='ltr'>et</span> <span class='ocrx_word' id='word_1_157' title='bbox 505 1572 591 1600; x_wconf 90' lang='lat' dir='ltr'>non</span> <span class='ocrx_word' id='word_1_158' title='bbox 615 1555 725 1611; x_wconf 84' lang='lat' dir='ltr'>erit,</span> <span class='ocrx_word' id='word_1_159' title='bbox 753 1572 859 1601; x_wconf 87' lang='lat' dir='ltr'>cum</span> <span class='ocrx_word' id='word_1_160' title='bbox 884 1557 934 1601; x_wconf 82' lang='lat' dir='ltr'>fit</span> <span class='ocrx_word' id='word_1_161' title='bbox 963 1556 1009 1602; x_wconf 90' lang='lat' dir='ltr'>in</span> <span class='ocrx_word' id='word_1_162' title='bbox 1041 1556 1261 1619; x_wconf 77' lang='lat' dir='ltr'>baptismo</span> <span class='ocrx_word' id='word_1_163' title='bbox 1297 1556 1425 1619; x_wconf 85' lang='lat' dir='ltr'>plena</span> <span class='ocrx_word' id='word_1_164' title='bbox 1450 1555 1639 1601; x_wconf 87' lang='lat' dir='ltr'>remissio</span> 
     </span>
     <span class='ocr_line' id='line_1_22' title="bbox 260 1626 1641 1690; baseline 0 -19"><span class='ocrx_word' id='word_1_165' title='bbox 260 1636 556 1689; x_wconf 86' lang='lat' dir='ltr'>peccatorum.</span> <span class='ocrx_word' id='word_1_166' title='bbox 599 1626 797 1689; x_wconf 88' lang='lat' dir='ltr'>Denique</span> <span class='ocrx_word' id='word_1_167' title='bbox 830 1627 863 1672; x_wconf 86' lang='lat' dir='ltr'>si</span> <span class='ocrx_word' id='word_1_168' title='bbox 894 1627 1101 1672; x_wconf 90' lang='lat' dir='ltr'>continuo</span> <span class='ocrx_word' id='word_1_169' title='bbox 1136 1638 1426 1690; x_wconf 81' lang='lat' dir='ltr'>consequatur</span> <span class='ocrx_word' id='word_1_170' title='bbox 1465 1627 1518 1672; x_wconf 86' lang='lat' dir='ltr'>ab</span> <span class='ocrx_word' id='word_1_171' title='bbox 1555 1626 1641 1671; x_wconf 86' lang='lat' dir='ltr'>hac</span> 
     </span>
     <span class='ocr_line' id='line_1_23' title="bbox 262 1697 1642 1761; baseline -0.001 -19"><span class='ocrx_word' id='word_1_172' title='bbox 262 1697 352 1742; x_wconf 84' lang='lat' dir='ltr'>vita</span> <span class='ocrx_word' id='word_1_173' title='bbox 376 1697 598 1754; x_wconf 81' lang='lat' dir='ltr'>emigratio</span> <span class='ocrx_word' id='word_1_174' title='bbox 618 1734 628 1751; x_wconf 81' lang='lat'>‚</span> <span class='ocrx_word' id='word_1_175' title='bbox 664 1714 751 1742; x_wconf 89' lang='lat' dir='ltr'>non</span> <span class='ocrx_word' id='word_1_176' title='bbox 782 1697 863 1743; x_wconf 88' lang='lat' dir='ltr'>erit</span> <span class='ocrx_word' id='word_1_177' title='bbox 890 1699 1068 1744; x_wconf 90' lang='lat' dir='ltr'>omnino</span> <span class='ocrx_word' id='word_1_178' title='bbox 1090 1699 1208 1761; x_wconf 86' lang='lat' dir='ltr'>quod</span> <span class='ocrx_word' id='word_1_179' title='bbox 1233 1698 1468 1744; x_wconf 76' lang='lat' dir='ltr'>obnoxium</span> <span class='ocrx_word' id='word_1_180' title='bbox 1492 1697 1642 1742; x_wconf 87' lang='lat' dir='ltr'>homi-</span> 
     </span>
     <span class='ocr_line' id='line_1_24' title="bbox 265 1765 1642 1830; baseline 0.001 -20"><span class='ocrx_word' id='word_1_181' title='bbox 265 1783 363 1811; x_wconf 90' lang='lat' dir='ltr'>nem</span> <span class='ocrx_word' id='word_1_182' title='bbox 385 1776 553 1822; x_wconf 83' lang='lat' dir='ltr'>teneat‚</span> <span class='ocrx_word' id='word_1_183' title='bbox 582 1765 733 1812; x_wconf 89' lang='lat' dir='ltr'>solutis</span> <span class='ocrx_word' id='word_1_184' title='bbox 770 1768 974 1812; x_wconf 86' lang='lat' dir='ltr'>omnibus</span> <span class='ocrx_word' id='word_1_185' title='bbox 1005 1785 1105 1830; x_wconf 85' lang='lat' dir='ltr'>quae</span> <span class='ocrx_word' id='word_1_186' title='bbox 1135 1769 1355 1814; x_wconf 82' lang='lat' dir='ltr'>tenebant.</span> <span class='ocrx_word' id='word_1_187' title='bbox 1394 1768 1517 1813; x_wconf 85' lang='lat' dir='ltr'>Sicut</span> <span class='ocrx_word' id='word_1_188' title='bbox 1543 1783 1642 1826; x_wconf 84' lang='lat' dir='ltr'>ergo</span> 
     </span>
     <span class='ocr_line' id='line_1_25' title="bbox 264 1836 1643 1899; baseline 0.001 -19"><span class='ocrx_word' id='word_1_189' title='bbox 264 1853 353 1881; x_wconf 89' lang='lat' dir='ltr'>non</span> <span class='ocrx_word' id='word_1_190' title='bbox 373 1847 435 1880; x_wconf 90' lang='lat' dir='ltr'>est</span> <span class='ocrx_word' id='word_1_191' title='bbox 454 1836 632 1892; x_wconf 86' lang='lat' dir='ltr'>mirum,</span> <span class='ocrx_word' id='word_1_192' title='bbox 655 1837 978 1899; x_wconf 80' lang='lat' dir='ltr'>praeteritorum</span> <span class='ocrx_word' id='word_1_193' title='bbox 998 1837 1236 1893; x_wconf 80' lang='lat' dir='ltr'>dictorum,</span> <span class='ocrx_word' id='word_1_194' title='bbox 1257 1838 1490 1891; x_wconf 84' lang='lat' dir='ltr'>factorum,</span> <span class='ocrx_word' id='word_1_195' title='bbox 1513 1847 1643 1898; x_wconf 87' lang='lat' dir='ltr'>atque</span> 
     </span>
     <span class='ocr_line' id='line_1_26' title="bbox 266 1906 1643 1971; baseline 0 -20"><span class='ocrx_word' id='word_1_196' title='bbox 266 1906 557 1965; x_wconf 84' lang='lat' dir='ltr'>cogitatorum</span> <span class='ocrx_word' id='word_1_197' title='bbox 581 1918 750 1952; x_wconf 82' lang='lat' dir='ltr'>reatum</span> <span class='ocrx_word' id='word_1_198' title='bbox 783 1924 954 1952; x_wconf 90' lang='lat' dir='ltr'>manere</span> <span class='ocrx_word' id='word_1_199' title='bbox 987 1918 1084 1953; x_wconf 89' lang='lat' dir='ltr'>ante</span> <span class='ocrx_word' id='word_1_200' title='bbox 1110 1918 1388 1971; x_wconf 87' lang='lat' dir='ltr'>peccatorum</span> <span class='ocrx_word' id='word_1_201' title='bbox 1425 1906 1643 1952; x_wconf 87' lang='lat' dir='ltr'>remissio-</span> 
     </span>
     <span class='ocr_line' id='line_1_27' title="bbox 266 1976 1644 2034; baseline 0 -13"><span class='ocrx_word' id='word_1_202' title='bbox 266 1994 365 2021; x_wconf 90' lang='lat' dir='ltr'>nem</span> <span class='ocrx_word' id='word_1_203' title='bbox 394 1994 405 2021; x_wconf 71' lang='grc' dir='ltr'>ε</span> <span class='ocrx_word' id='word_1_204' title='bbox 434 1976 493 2021; x_wconf 90' lang='lat' dir='ltr'>sic</span> <span class='ocrx_word' id='word_1_205' title='bbox 522 1987 674 2022; x_wconf 86' lang='lat' dir='ltr'>contra</span> <span class='ocrx_word' id='word_1_206' title='bbox 701 1994 788 2023; x_wconf 92' lang='lat' dir='ltr'>non</span> <span class='ocrx_word' id='word_1_207' title='bbox 816 1977 947 2023; x_wconf 89' lang='lat' dir='ltr'>debet</span> <span class='ocrx_word' id='word_1_208' title='bbox 974 1995 1061 2023; x_wconf 88' lang='lat' dir='ltr'>esse</span> <span class='ocrx_word' id='word_1_209' title='bbox 1085 1979 1244 2024; x_wconf 91' lang='lat' dir='ltr'>mirum</span> <span class='ocrx_word' id='word_1_210' title='bbox 1265 2015 1276 2034; x_wconf 83' lang='lat'>‚</span> <span class='ocrx_word' id='word_1_211' title='bbox 1304 1977 1516 2022; x_wconf 90' lang='lat' dir='ltr'>manentis</span> <span class='ocrx_word' id='word_1_212' title='bbox 1534 1993 1644 2022; x_wconf 89' lang='lat' dir='ltr'>con-</span> 
     </span>
     <span class='ocr_line' id='line_1_28' title="bbox 270 2046 1647 2112; baseline 0.001 -21"><span class='ocrx_word' id='word_1_213' title='bbox 270 2046 551 2110; x_wconf 85' lang='lat' dir='ltr'>cupiscentiae</span> <span class='ocrx_word' id='word_1_214' title='bbox 592 2058 759 2093; x_wconf 86' lang='lat' dir='ltr'>reatum</span> <span class='ocrx_word' id='word_1_215' title='bbox 794 2048 1015 2112; x_wconf 85' lang='lat' dir='ltr'>praeterire</span> <span class='ocrx_word' id='word_1_216' title='bbox 1043 2059 1144 2112; x_wconf 87' lang='lat' dir='ltr'>post</span> <span class='ocrx_word' id='word_1_217' title='bbox 1180 2059 1461 2112; x_wconf 86' lang='lat' dir='ltr'>peccatorum</span> <span class='ocrx_word' id='word_1_218' title='bbox 1493 2046 1647 2092; x_wconf 89' lang='lat' dir='ltr'>remis-</span> 
     </span>
     <span class='ocr_line' id='line_1_29' title="bbox 267 2133 446 2163; baseline 0.011 -2"><span class='ocrx_word' id='word_1_219' title='bbox 267 2133 446 2163; x_wconf 78' lang='lat' dir='ltr'>Slonem.</span> 
     </span>
    </p>

    <p class='ocr_par' dir='ltr' id='par_1_5' title="bbox 262 2186 1647 2393">
     <span class='ocr_line' id='line_1_30' title="bbox 331 2186 1647 2252; baseline 0 -20"><span class='ocrx_word' id='word_1_220' title='bbox 331 2187 514 2233; x_wconf 82' lang='lat' dir='ltr'><strong>XLVII.</strong></span> <span class='ocrx_word' id='word_1_221' title='bbox 542 2187 656 2245; x_wconf 85' lang='lat' dir='ltr'>Quae</span> <span class='ocrx_word' id='word_1_222' title='bbox 675 2204 778 2234; x_wconf 89' lang='lat' dir='ltr'>cum</span> <span class='ocrx_word' id='word_1_223' title='bbox 794 2189 854 2235; x_wconf 87' lang='lat' dir='ltr'>ita</span> <span class='ocrx_word' id='word_1_224' title='bbox 879 2189 989 2245; x_wconf 82' lang='lat' dir='ltr'>sint,</span> <span class='ocrx_word' id='word_1_225' title='bbox 1006 2206 1052 2235; x_wconf 88' lang='lat' dir='ltr'>ex</span> <span class='ocrx_word' id='word_1_226' title='bbox 1067 2205 1155 2252; x_wconf 90' lang='lat' dir='ltr'>quo</span> <span class='ocrx_word' id='word_1_227' title='bbox 1172 2204 1251 2252; x_wconf 87' lang='lat' dir='ltr'>per</span> <span class='ocrx_word' id='word_1_228' title='bbox 1265 2203 1401 2233; x_wconf 90' lang='lat' dir='ltr'>unum</span> <span class='ocrx_word' id='word_1_229' title='bbox 1415 2186 1647 2233; x_wconf 64' lang='lat' dir='ltr'>⁷hominem</span> 
     </span>
     <span class='ocr_line' id='line_1_31' title="bbox 265 2257 1645 2321; baseline 0 -19"><span class='ocrx_word' id='word_1_230' title='bbox 265 2268 496 2319; x_wconf 87' lang='lat' dir='ltr'>peccatum</span> <span class='ocrx_word' id='word_1_231' title='bbox 532 2257 713 2304; x_wconf 87' lang='lat' dir='ltr'>intravit</span> <span class='ocrx_word' id='word_1_232' title='bbox 749 2261 794 2304; x_wconf 89' lang='lat' dir='ltr'>in</span> <span class='ocrx_word' id='word_1_233' title='bbox 819 2260 942 2305; x_wconf 89' lang='lat' dir='ltr'>hunc</span> <span class='ocrx_word' id='word_1_234' title='bbox 965 2259 1179 2305; x_wconf 89' lang='lat' dir='ltr'>mundum</span> <span class='ocrx_word' id='word_1_235' title='bbox 1198 2296 1209 2315; x_wconf 84' lang='lat'><strong><em>‚</em></strong></span> <span class='ocrx_word' id='word_1_236' title='bbox 1247 2269 1289 2304; x_wconf 90' lang='lat' dir='ltr'>et</span> <span class='ocrx_word' id='word_1_237' title='bbox 1314 2275 1391 2321; x_wconf 89' lang='lat' dir='ltr'>per</span> <span class='ocrx_word' id='word_1_238' title='bbox 1412 2268 1645 2321; x_wconf 83' lang='lat' dir='ltr'>peccatum</span> 
     </span>
     <span class='ocr_line' id='line_1_32' title="bbox 262 2327 1647 2393; baseline 0.001 -22"><span class='ocrx_word' id='word_1_239' title='bbox 262 2343 378 2372; x_wconf 89' lang='lat' dir='ltr'>mors</span> <span class='ocrx_word' id='word_1_240' title='bbox 396 2363 407 2383; x_wconf 82' lang='lat'>‚</span> <span class='ocrx_word' id='word_1_241' title='bbox 434 2338 476 2372; x_wconf 86' lang='lat' dir='ltr'>et</span> <span class='ocrx_word' id='word_1_242' title='bbox 500 2327 560 2372; x_wconf 86' lang='lat' dir='ltr'>ita</span> <span class='ocrx_word' id='word_1_243' title='bbox 578 2328 623 2374; x_wconf 90' lang='lat' dir='ltr'>in</span> <span class='ocrx_word' id='word_1_244' title='bbox 648 2345 796 2376; x_wconf 88' lang='lat' dir='ltr'>omnes</span> <span class='ocrx_word' id='word_1_245' title='bbox 821 2330 1017 2375; x_wconf 89' lang='lat' dir='ltr'>homines</span> <span class='ocrx_word' id='word_1_246' title='bbox 1048 2329 1328 2393; x_wconf 85' lang='lat' dir='ltr'>pertransiit,</span> <span class='ocrx_word' id='word_1_247' title='bbox 1355 2345 1491 2391; x_wconf 86' lang='lat' dir='ltr'>usque</span> <span class='ocrx_word' id='word_1_248' title='bbox 1513 2328 1558 2373; x_wconf 92' lang='lat' dir='ltr'>in</span> <span class='ocrx_word' id='word_1_249' title='bbox 1587 2328 1647 2373; x_wconf 88' lang='lat' dir='ltr'>fi-</span> 
     </span>
    </p>
   </div>
   <div class='ocr_carea' id='block_1_5' title="bbox 263 2396 1643 2527">
    <p class='ocr_par' dir='ltr' id='par_1_6' title="bbox 263 2396 1643 2527">
     <span class='ocr_line' id='line_1_33' title="bbox 263 2396 1643 2464; baseline 0.002 -23"><span class='ocrx_word' id='word_1_250' title='bbox 263 2413 363 2442; x_wconf 92' lang='lat' dir='ltr'>nem</span> <span class='ocrx_word' id='word_1_251' title='bbox 394 2396 580 2443; x_wconf 85' lang='lat' dir='ltr'>carnalis</span> <span class='ocrx_word' id='word_1_252' title='bbox 603 2398 736 2459; x_wconf 88' lang='lat' dir='ltr'>hujus</span> <span class='ocrx_word' id='word_1_253' title='bbox 761 2400 1043 2460; x_wconf 88' lang='lat' dir='ltr'>generationis</span> <span class='ocrx_word' id='word_1_254' title='bbox 1065 2411 1109 2447; x_wconf 88' lang='lat' dir='ltr'>et</span> <span class='ocrx_word' id='word_1_255' title='bbox 1142 2398 1441 2464; x_wconf 87' lang='lat' dir='ltr'>corruptibilis</span> <span class='ocrx_word' id='word_1_256' title='bbox 1461 2397 1610 2445; x_wconf 85' lang='lat' dir='ltr'>saeculi</span> <span class='ocrx_word' id='word_1_257' title='bbox 1631 2434 1643 2454; x_wconf 89' lang='lat'>‚</span> 
     </span>
     <span class='ocr_line' id='line_1_34' title="bbox 307 2478 957 2527; baseline 0.005 -16"><span class='ocrx_word' id='word_1_258' title='bbox 307 2479 318 2502; x_wconf 80' lang='lat'><strong>¹</strong></span> <span class='ocrx_word' id='word_1_259' title='bbox 338 2478 468 2513; x_wconf 82' lang='lat' dir='ltr'>Confer.</span> <span class='ocrx_word' id='word_1_260' title='bbox 483 2478 539 2511; x_wconf 88' lang='lat' dir='ltr'>lib.</span> <span class='ocrx_word' id='word_1_261' title='bbox 558 2481 593 2515; x_wconf 88' lang='grc'>6.</span> <span class='ocrx_word' id='word_1_262' title='bbox 614 2482 851 2527; x_wconf 37' lang='lat' dir='ltr'>contUJulian.</span> <span class='ocrx_word' id='word_1_263' title='bbox 871 2495 904 2517; x_wconf 84' lang='lat' dir='ltr'>c.</span> <span class='ocrx_word' id='word_1_264' title='bbox 922 2484 957 2520; x_wconf 80' lang='lat'>8.</span> 
     </span>
    </p>
   </div>
  </div>
 </body>
</html>
