1763 2838
288 96 382 141 310
708 107 741 135 s,
785 105 1027 136 AUGUSTINI
1064 106 1268 136 EPISCOPI

286 196 305 215 »
329 188 484 218 norum
507 185 689 232 operum
713 166 747 214 1.
774 169 831 213 Et
852 166 935 214 alio
958 169 1055 215 loco
1079 188 1090 216 ε
1120 192 1140 211 «
1167 171 1280 215 Cum
1306 180 1447 214 autem
1465 168 1661 229 benigni-

288 266 306 284 υ
330 253 390 287 tas
409 251 450 286 ct
485 233 732 284 humanitas
773 237 913 283 illuxit
949 237 1170 286 salvatoris
1196 234 1274 287 Dei
1314 239 1475 295 nostri,
1500 232 1587 284 non
1614 255 1661 284 ex

286 335 305 353 »
324 305 720 374 opei·il›11sjustitiae
741 326 839 371 quae
853 326 930 354 nos
958 301 1135 355 fecimus
1152 348 1162 366 ,
1185 310 1257 356 sed
1275 309 1515 355 secundum
1539 326 1661 354 suam

287 405 306 424 ))
336 378 674 426 misericordiam
698 377 836 424 salvos
853 396 930 423 nos
964 378 1065 425 fecit
1087 398 1165 442 per
1189 380 1412 425 lavacrum
1436 385 1662 438 regenera—

288 476 305 495 »
335 452 460 497 [ionis
482 460 523 494 et
549 448 838 496 renovationis
874 449 1062 511 Spiritus
1101 450 1266 504 sancti,
1302 466 1433 513 quem
1457 448 1664 493 ditissime

285 546 304 565 »
331 521 483 568 effudit
503 536 632 583 super
657 537 734 565 nos
755 537 835 583 per
850 520 1000 565 Jesum
1026 519 1248 565 Christum
1281 519 1537 565 salvatorem
1562 536 1665 564 nos-

283 616 303 636 »
332 605 463 647 trum,
490 591 775 650 utJ'ustisscati
798 591 933 654 ipsius
952 593 1091 650 gratia
1117 583 1312 637 haeredes
1337 589 1575 635 efficiamur
1596 607 1666 634 se-

286 685 306 705 »
333 661 527 709 cundum
547 678 668 728 spem
687 661 789 707 vitae
813 672 986 706 aeternae
1007 659 1041 707 ².
1066 682 1087 702 ›>

352 737 399 779 12.
443 731 509 777 Ad
548 731 759 776 HebraeOs
795 735 972 795 quoque
1009 729 1207 794 Epistola
1225 766 1236 788 ,
1271 745 1526 793 quanquam
1549 745 1667 773 non-

287 795 416 848 nullis
440 802 604 846 incerta
621 800 675 844 sit
700 800 795 862 (8),
820 810 964 845 tamen
992 800 1199 864 quoniam
1224 798 1306 857 legi
1328 797 1540 862 quosdam
1563 797 1668 843 huic

286 883 444 918 nostr-te
464 870 517 915 de
541 870 761 933 baptismo
784 870 1071 932 parvulorum
1090 870 1311 915 sententia-3
1332 869 1550 915 contraria
1571 886 1669 914 sen—

291 944 462 997 tientes,
488 958 580 986 eam
599 935 865 1005 quibusdam
883 941 1167 1004 opinionibus
1191 940 1278 985 suis
1300 950 1443 1005 testem
1461 938 1671 984 adhibere

289 1012 472 1058 voluisse
487 1048 498 1067 ,
541 1010 762 1073 magisque
809 1028 875 1056 me
912 1021 1055 1056 movet
1097 1009 1331 1055 auctoritas
1379 1006 1671 1053 Ecclesiarum

293 1082 584 1129 Orientalium
603 1119 614 1138 ‚
655 1098 754 1146 quae
790 1080 906 1127 hanc
945 1081 1072 1127 etiam
1110 1081 1155 1126 in
1197 1079 1417 1126 canonicis
1460 1079 1628 1124 habent
1654 1116 1664 1136 ,

291 1163 455 1217 quanta
479 1169 559 1215 pro
581 1152 707 1197 nobis
727 1152 968 1197 testimonia
994 1151 1235 1207 contineat,
1258 1149 1571 1195 advertendum
1590 1155 1665 1197 est.

294 1226 346 1268 ln
370 1224 463 1286 ipso
488 1226 579 1282 ejus
597 1222 769 1267 exordio
793 1222 978 1282 legitur:
1002 1221 1188 1267 «Multis
1208 1221 1434 1284 partibus,
1463 1230 1503 1265 et
1524 1220 1672 1265 multis

293 1316 313 1335 γ,
338 1293 477 1338 modis
494 1292 595 1339 olim
614 1293 729 1337 Deus
750 1292 923 1337 locutus
937 1303 999 1337 est
1013 1292 1215 1356 patribus
1233 1292 1277 1335 in
1298 1290 1528 1352 Prophetis
1543 1327 1553 1346 ‚
1574 1308 1673 1354 pos-

295 1386 314 1405 »
342 1375 476 1408 tremo
505 1363 550 1407 in
582 1362 649 1407 his
678 1362 832 1407 diebus
856 1362 1029 1408 locutus
1064 1373 1125 1407 est
1155 1361 1282 1406 nobis
1305 1362 1349 1405 in
1383 1360 1517 1416 Filio,
1546 1378 1674 1423 quem

294 1457 313 1475 »
342 1432 567 1479 constituit
599 1431 821 1478 haeredem
860 1433 1188 1487 universorum,
1231 1448 1310 1494 per
1338 1447 1467 1493 quem
1502 1430 1606 1475 fecit
1633 1442 1675 1476 et

297 1527 316 1546 υ
340 1503 512 1549 saecula.
546 1502 634 1560 Qui
656 1519 755 1548 cum
774 1503 829 1549 sit
851 1498 1058 1566 splendor
1080 1501 1227 1562 gloriae
1248 1509 1289 1546 et
1305 1501 1442 1560 figura
1468 1496 1675 1546 substan-

300 1599 317 1617 »
343 1575 413 1620 tiae
431 1577 521 1633 ejus
539 1610 550 1629 ,
572 1590 718 1632 gerens
739 1590 914 1637 quoque
929 1574 1074 1618 omnia
1099 1572 1232 1619 verbo
1251 1571 1423 1617 virtutis
1435 1587 1523 1616 suae
1539 1608 1550 1627 ,
1568 1587 1676 1634 pur-

299 1667 318 1687 »
345 1644 515 1704 gatione
538 1645 822 1706 peccatorum
847 1661 869 1688 a
889 1661 930 1688 se
951 1643 1066 1689 facta
1081 1680 1091 1699 ,
1112 1641 1229 1687 sedet
1254 1641 1307 1687 ad
1341 1640 1557 1686 dexteram
1578 1658 1677 1685 ma-

300 1738 321 1757 »
339 1714 504 1775 jestatis
523 1714 568 1761 in
586 1712 798 1760 excelsis-³.
827 1735 847 1755 »
876 1714 929 1758 Et
946 1724 1047 1776 post
1070 1729 1212 1775 pauca
1235 1729 1246 1756 ε
1270 1733 1289 1752 α
1304 1711 1349 1756 Si
1373 1711 1488 1756 enim
1506 1711 1581 1774 qui
1600 1728 1677 1773 per

300 1808 320 1828 »
346 1784 530 1844 Angelos
553 1775 695 1828 dictus
717 1794 778 1828 est
801 1784 986 1840 sermo-⁷⁴,
1014 1783 1154 1828 factus
1180 1793 1242 1827 est
1270 1783 1445 1837 firmus,
1476 1791 1516 1826 et
1538 1781 1678 1826 omnis

301 1878 321 1897 )>
350 1852 650 1918 praevaricatio
679 1863 719 1898 et
752 1848 1047 1899 inobedientia
1078 1856 1241 1912 justam
1271 1851 1437 1915 accepit
1472 1850 1681 1896 mercedis

301 1948 320 1967 »
349 1924 710 1976 retributionem;
743 1923 964 1985 quomodo
999 1940 1080 1968 nos
1114 1921 1393 1982 effugiemus,
1447 1921 1480 1965 si
1515 1928 1681 1966 tantam

302 2018 322 2037 >›
346 1994 651 2054 neglexerimus
688 1993 870 2039 salutem
881 1996 897 2038 Ξ)
918 2016 938 2035 ›>
960 1995 1016 2038 Et
1034 1993 1116 2038 alio
1134 1992 1232 2038 loco
1253 2009 1263 2036 :
1282 2013 1300 2032 «
1323 1992 1558 2055 Propterea
1584 2008 1682 2051 ergo

303 2088 322 2106 »
346 2065 449 2127 quia
468 2064 591 2128 pueri
612 2063 1045 2109 communicaverunt
1064 2061 1262 2122 sanguini
1286 2072 1327 2107 et
1355 2061 1475 2106 carni
1493 2098 1504 2118 ‚
1530 2071 1571 2106 et
1592 2060 1683 2125 ipse

302 2158 322 2176 »
346 2133 669 2200 propemodum
687 2139 836 2179 eorum
857 2133 1168 2198 participavit5
1186 2170 1198 2190 ,
1225 2143 1272 2177 ut
1290 2149 1366 2196 per
1383 2142 1566 2177 mortem
1586 2137 1683 2176 eva-

302 2229 320 2247 »
345 2215 494 2252 cuaret
517 2220 617 2250 eum
635 2241 646 2260 ‚
675 2204 751 2270 qui
785 2208 1044 2268 potestatem
1079 2202 1275 2249 habebat
1303 2201 1453 2248 mortis
1471 2239 1482 2258 ,
1509 2200 1556 2247 id
1593 2207 1679 2256 est,

303 2299 322 2318 ))
346 2275 573 2326 diabolum
587 2312 599 2330 ‚
625 2286 669 2320 et
688 2272 892 2321 liberaret
915 2292 985 2321 eos
1005 2275 1081 2339 qui
1103 2275 1255 2320 timore
1273 2274 1424 2319 mortis
1447 2290 1526 2338 per
1545 2281 1682 2337 totam

351 2380 359 2399 ¹
388 2377 451 2409 Tit.
483 2390 523 2420 11,
553 2379 666 2410 13.—
689 2375 772 2410 ²1d.
793 2388 842 2417 111,
863 2383 897 2414 4.
915 2373 991 2399 -3
1020 2375 1120 2408 Hebr.
1160 2387 1191 2419 1,
1226 2382 1294 2413 1-4.
1320 2393 1363 2399 —
1389 2372 1404 2396 4
1429 2374 1478 2408 Id.
1500 2385 1543 2416 11,
1576 2385 1609 2408 2.
1633 2391 1678 2397 —

305 2429 417 2463 ⁵1bid.
443 2436 498 2467 14.
