1763 2838
232 238 505 270 BREVICULUS
540 237 834 270 COLLATIONIS
871 240 961 270 CUM
997 240 1274 271 DONATISTIS.
1383 227 1437 273 51

71 316 298 364 exegerunt
324 304 578 359 Donatistae,
602 315 648 349 ut
675 305 934 368 probaretur
965 323 985 350 a
1020 306 1276 363 Catholicis,
1301 318 1446 354 utrum

73 375 361 421 Collationeni
384 375 557 439 utrique
579 375 825 437 petiverint.
862 376 946 420 [bi
966 376 1175 436 Cognitor
1195 394 1296 423 cum
1316 378 1449 424 dixis-

72 457 133 492 set
159 464 169 492 ε
191 469 211 489 «
239 447 335 492 Hoc
358 447 574 492 Catholici
596 447 784 510 probare
807 446 1033 493 debebunt
1059 467 1069 493 :
1092 471 1112 491 2>
1137 459 1256 494 ortus
1275 460 1336 495 est
1366 450 1450 496 ite-

71 535 167 563 rum
194 519 451 564 moratorius
477 518 707 564 conflictus
728 517 780 563 de
801 518 1019 564 catholico
1040 521 1213 566 nomine
1233 531 1275 565 et
1298 521 1450 567 Dona-

75 589 268 634 tistarum
289 589 747 637 etCaecilianistarum,
770 588 936 634 Deinde
955 589 1210 637 obtulerunt
1231 591 1452 638 Catholici

72 671 186 721 gesta
213 660 365 705 habita
394 661 438 705 in
470 659 640 720 judicio
677 659 971 724 praefecturae,
1013 660 1176 723 quibus
1213 663 1454 725 probarent

71 732 198 776 etiam
225 732 470 777 Donatistas
487 731 776 777 Collationem
799 731 965 794 petisse.
1002 732 1117 788 Quae
1138 749 1238 778 cuni
1255 733 1452 792 jussisset

73 802 283 862 Cognitor
300 802 494 858 recitari,
519 819 666 847 rursus
689 801 751 847 illi
771 801 826 847 ad
844 801 1066 864 praeterita
1083 802 1322 858 redierunt,
1344 814 1384 848 et
1403 803 1455 849 de

72 871 142 918 his
167 883 215 918 ut
240 873 540 935 pronuntiaret:
560 873 770 933 Cognitor
791 872 985 932 flagitare
1005 885 1254 936 coeperunt,
1280 874 1333 920 de
1356 876 1460 938 qui-

71 944 154 989 bus
171 944 293 989 toties
318 944 704 1007 pronuntiaverat,
734 944 779 989 id
800 954 879 999 est,
909 943 962 989 de
993 961 1175 1007 persona
1195 944 1306 990 etde
1332 963 1459 990 inan-

75 1015 178 1061 dato
218 1015 475 1075 legatorum,
507 1016 626 1079 quod
660 1016 743 1062 sibi
770 1026 818 1061 ut
843 1015 1042 1061 ederetur
1080 1016 1202 1061 toties
1239 1017 1459 1078 superfluo

72 1087 415 1150 postulaverant.
444 1089 539 1133 Hoc
561 1099 706 1132 autem
726 1088 927 1146 agebant,
951 1097 1164 1149 quantum
1192 1086 1462 1146 intelligeba-

78 1167 163 1212 tur,
189 1158 386 1203 timentes
406 1175 458 1202 ne
493 1168 607 1217 gesta
634 1156 910 1220 praefectoria
933 1156 1194 1216 legerentur,
1224 1157 1301 1202 ubi
1340 1174 1461 1203 suani

74 1245 247 1274 causam
268 1228 533 1291 quibusdam
554 1228 882 1273 inconsideratis
900 1238 941 1273 et
966 1227 1198 1272 temerariis
1223 1229 1463 1291 responsio-

74 1299 204 1344 nibus
224 1299 572 1345 vulneraverant.
608 1300 694 1344 Diu
718 1299 865 1362 itaque
894 1298 1195 1344 conflictatum
1221 1310 1284 1344 est
1307 1299 1363 1344 ab
1384 1300 1459 1354 eis,

75 1381 115 1416 et
136 1371 316 1415 maxime
337 1387 436 1415 cuni
463 1369 557 1434 ipso
574 1370 829 1429 Cognitore:
856 1386 957 1414 cuni
973 1368 1055 1432 ipsi
1080 1380 1273 1432 peterent
1296 1368 1363 1433 edi
1380 1369 1463 1415 sibi

75 1439 331 1485 mandatum
355 1439 502 1499 legatis
535 1441 803 1499 injunctum,
834 1450 909 1485 aut
939 1440 1245 1502 pronuntiaret
1279 1457 1349 1485 eos
1377 1440 1462 1485 hoc

76 1512 295 1574 superfluo
326 1511 528 1574 petivisse
547 1529 557 1555 ε
580 1511 649 1555 ille
675 1521 815 1555 auten]
837 1520 878 1554 et
898 1510 1199 1572 pronuntiasse
1219 1528 1260 1555 se
1278 1510 1457 1566 diceret,

76 1593 117 1627 et
135 1582 439 1646 pronuntiaret
458 1582 545 1626 hoc
569 1582 747 1625 omnino
769 1580 821 1625 ad
848 1597 1036 1642 praesens
1057 1598 1143 1625 non
1163 1581 1378 1642 pertinere
1396 1583 1462 1642 ju-

77 1652 260 1708 dicium,
298 1652 377 1697 ubi
403 1651 698 1696 declararetur
724 1650 1025 1713 imperialibus
1058 1650 1211 1695 litteris
1236 1651 1341 1713 quid
1380 1669 1463 1714 pe-

79 1725 204 1769 titum
230 1733 335 1768 esset
355 1722 515 1786 quidve
553 1738 819 1768 concessum.
864 1722 918 1765 lit
952 1720 1125 1766 tandein
1147 1721 1383 1784 aliqnando
1408 1722 1461 1768 ad

72 1798 240 1855 jussum
261 1796 351 1852 ejus
373 1803 725 1856 ci‘}*1)e1‘2111tgesta
754 1791 1027 1855 prtel'ectoria
1042 1791 1231 1845 recitari,
1261 1793 1461 1849 Quorum

79 1876 294 1925 gestorum
323 1881 423 1909 cuni
442 1863 531 1909 dies
551 1874 592 1908 et
616 1862 813 1908 consules
838 1862 1016 1908 l'uissent
1040 1862 1225 1913 recitati,
1250 1863 1462 1909 continuo

77 1952 224 1980 rursus
257 1934 496 1979 Donatistae
527 1934 873 1996 interruperunt,
896 1943 936 1977 et
968 1931 1117 1977 eadem
1143 1932 1215 1977 illa
1241 1933 1461 1995 praeterita

78 2022 255 2068 poscere
290 2014 536 2067 coeperunt.
579 2002 663 2049 Sed
696 2020 794 2048 cuni
824 2002 1034 2062 Cognitor
1070 2001 1458 2066 interloqueretur,

79 2075 238 2120 debere
270 2086 383 2136 gesta
411 2075 598 2131 recitari,
626 2084 674 2120 ut
697 2074 750 2119 de
781 2074 976 2137 petitoris
1002 2090 1186 2136 persona
1215 2085 1458 2126 constaret3

79 2145 141 2191 illi
160 2158 311 2192 contra
334 2147 389 2192 ab
410 2146 534 2192 initio
571 2155 802 2208 coeperunt
829 2144 971 2189 dicere
990 2181 1000 2200 ‚
1041 2161 1127 2188 esse
1152 2154 1267 2202 gesta
1291 2145 1456 2206 priora,

91 2234 191 2280 quae
209 2217 418 2261 deberent
436 2217 582 2278 potius
601 2215 786 2261 recitari.
811 2218 975 2259 Contra
1000 2232 1021 2258 a
1036 2213 1277 2259 Catholicis
1292 2213 1459 2261 dictum

80 2299 159 2342 est,
176 2287 272 2332 ideo
299 2286 394 2332 illos
414 2286 527 2331 nolle
555 2296 602 2330 ut
619 2296 733 2345 gesta
750 2284 1024 2347 pral'ectoria
1044 2282 1318 2342 legerentur,
1340 2285 1461 2348 quod

80 2357 124 2402 in
142 2359 198 2402 eis
218 2357 541 2420 prosecutiones
561 2356 762 2420 proprias
792 2353 1094 2399 sorinidarent.

144 2427 219 2474 Vl.
256 2427 526 2474 Obtulerunt
563 2443 661 2486 ergo
692 2425 932 2471 Donatistae
971 2434 1086 2483 gesta
1114 2424 1461 2485 proconsularia,

80 2509 121 2543 et
145 2497 321 2544 vicaria?
353 2497 650 2561 preelectum,
680 2496 757 2541 ubi
782 2494 1000 2541 Catholici
1020 2493 1235 2557 petierant
1266 2511 1337 2540 eos
1362 2498 1467 2542 actis

82 2568 433 2632 municipalibus
456 2567 698 2626 conveniri,
725 2577 774 2614 ut
794 2565 1034 2612 Collatione
1053 2575 1338 2628 utrorumque
1360 2566 1474 2613 facta

1300 2637 1344 2692 4.
