1763 2838
259 209 282 239 ρ
297 192 350 249 ''ss
687 204 721 232 5.
766 202 1011 235 Ancusrim
1047 204 1248 236 EPISCOPI

251 279 342 335 jtm
361 270 534 317 sentires
550 285 637 314 non
657 268 856 324 audente,
890 270 1019 314 tantis
1052 269 1415 333 disceptationum
1433 267 1641 314 lateribus

256 350 583 408 pugnaverunt
606 340 743 402 pisces
764 340 929 384 malos'
920 357 964 384 in
996 341 1234 386 Dominicis
1256 340 1420 385 retibus
1446 357 1468 385 a
1491 340 1640 402 pisca-

257 412 457 459 toribus
449 427 572 469 ignol
577 410 654 461 wui,
679 427 731 454 ne
752 410 954 455 xidtlicet
978 411 1169 473 perirent
1192 427 1341 455 cotum
1365 411 1636 469 contagione,

258 483 493 529 5150110111μὶ
528 482 679 525 Nonne
711 481 788 525 tibi
822 481 938 525 venit
960 481 1003 525 in
1030 491 1235 535 mentem
1265 480 1318 525 de
1341 480 1468 543 palea
1490 481 1643 525 Domi-

260 554 372 599 nicae
398 568 524 599 areae.
562 550 605 595 id
634 561 713 605 est,
740 550 962 606 Ecclesiae,
986 568 1119 614 usque
1144 551 1198 596 ad
1219 562 1391 614 tempus
1404 551 1646 597 ventilatio-

257 624 322 668 nis
358 622 401 667 in
440 639 526 666 una
561 621 847 683 permixtione
871 621 1440 684 tolerandadisputantibus
1460 621 1497 677 4,
1541 637 1644 666 cum

256 693 473 738 Emeritus
514 701 739 751 urgeretur
766 709 937 751 negasse
969 690 1089 736 illum
1116 702 1243 754 atque
1279 691 1459 736 dixisse:
1482 711 1502 732 c<
1543 691 1644 736 Non

256 759 360 823 legis
382 781 535 809 aream.
573 783 593 802 ›>
614 762 701 818 Qui
727 779 826 807 cum
858 773 899 807 et
928 780 950 807 a
974 762 1060 807 suis
1086 762 1287 807 secretius
1316 761 1638 816 admoneretur,

252 845 293 879 et
314 851 336 878 a
360 833 485 878 nobis
499 833 686 895 apertius
701 849 914 877 commem
929 834 1154 878 orantibus
1175 850 1220 878 ex
1243 832 1495 891 Evangelio,
1519 852 1538 873 α
1556 832 1645 876 Do-

260 905 429 950 minum
461 921 548 948 esse
589 915 819 948 venturum
856 903 1081 949 ferentem‘
1106 904 1396 949 ventilabrum
1434 903 1479 948 in
1511 919 1646 949 manu

261 993 335 1021 sua
360 976 396 1029 2,
426 974 501 1037 qui
525 974 761 1019 mundabit
786 992 927 1020 aream
952 992 1091 1026 suam,
1130 985 1172 1019 et
1194 974 1461 1019 frumentum
1489 990 1647 1019 recon-

261 1045 366 1091 det
355 1062 400 1090 ln
426 1045 616 1097 horreo
641 1044 808 1107 paleam
826 1062 925 1091 vero
944 1045 1205 1090 comburet
1195 1045 1284 1104 igni
1308 1043 1644 1103 inextinguibili,

262 1115 472 1160 continuo
508 1114 736 1160 correxisse
779 1115 1012 1160 oblivionis
1056 1131 1272 1162 errorem
1307 1130 1395 1177 quo
1421 1123 1649 1173 negaverat

264 1184 617 1246 scriptun1;1i‹c
641 1195 783 1230 tamen
806 1185 1060 1230 haereticam
1102 1184 1168 1229 101
1193 1163 1516 1229 schismaticam
1538 1200 1648 1229 con-

265 1255 438 1300 vertisse
461 1254 806 1316 perversitatem,
829 1271 911 1318 qua
933 1255 1121 1314 negabat
1141 1254 1278 1298 malos
1299 1272 1320 1300 a
1343 1253 1470 1298 bonis
1492 1253 1649 1300 debere

261 1341 342 1388 pro
368 1323 532 1369 unitate
554 1325 759 1369 Ecclesiae
777 1325 975 1370 sustineri
993 1342 1002 1369 :
1025 1324 1322 1387 continuoque
1340 1323 1509 1376 dixisse,
1527 1323 1649 1387 quod

264 1394 438 1439 nomine
454 1394 608 1457 paleae.
631 1395 733 1439 mali
753 1395 1099 1455 significarentur
1123 1395 1304 1449 occulti,
1339 1405 1388 1439 ut
1407 1393 1482 1440 hic
1505 1411 1649 1440 causae

265 1474 418 1509 vestrae
437 1465 663 1527 praecipua
688 1464 911 1524 diligentia
935 1465 1174 1521 servaretis,
1199 1464 1316 1528 quod
1342 1464 1528 1524 ignorati
1546 1464 1650 1510 mali

264 1535 582 1580 commaculare
623 1535 840 1580 bonorum
886 1536 1101 1581 neminem
1131 1545 1322 1598 possent.
1376 1536 1488 1580 Ecce
1514 1535 1649 1597 partis

269 1616 426 1651 vestrae
449 1616 658 1667 patronus
682 1607 874 1666 egregius
895 1607 1103 1669 perdidit,
1136 1617 1173 1651 te
1193 1606 1461 1661 adversante,
1482 1605 1651 1651 labores

270 1693 379 1721 suos.
413 1676 488 1722 llle
508 1677 674 1739 quippe
699 1688 746 1722 ut
770 1678 986 1723 custodiat
1008 1678 1226 1723 bonorum
1251 1676 1450 1730 salutem,
1476 1693 1652 1739 prorsus

268 1747 313 1791 in
334 1745 526 1791 Ecclesia
552 1746 686 1790 malos
710 1758 1008 1809 permanentes
1027 1767 1048 1792 a
1071 1748 1198 1792 bonis
1216 1746 1421 1811 perhibet
1440 1747 1647 1806 ignorari,

267 1834 320 1861 ne
361 1816 546 1879 perdant
574 1833 643 1861 eos
680 1817 710 1861 si
739 1816 902 1862 :fuerint
924 1819 1085 1878 cogniti
1110 1829 1152 1863 et
1192 1817 1361 1863 tolerati
1390 1834 1400 1861 :
1434 1828 1481 1861 tu
1506 1829 1651 1862 autem

266 1886 394 1931 etiam
412 1886 709 1945 ignoratorum
726 1887 938 1932 malorum
956 1888 1154 1946 contagio
1171 1888 1309 1932 bonos
1327 1887 1468 1950 perire
1486 1887 1644 1934 dixisti.

270 1957 419 2018 Neque
434 1957 621 2001 timuisti
646 1967 732 2001 tam
759 1957 917 2003 multos
947 1959 1002 2003 ab
1027 1958 1150 2003 initio
1176 1968 1343 2003 vestros
1370 1957 1548 2002 latentes
1568 1957 1654 2002 fla-

264 2026 455 2086 gitiosos,
474 2026 735 2072 facinorosos
757 2038 885 2091 atque
903 2028 1076 2090 impios,
1106 2028 1182 2091 qui
1200 2027 1395 2090 profecto
1413 2027 1652 2073 secundum

264 2107 384 2141 tuam
405 2097 675 2152 sententiam,
696 2108 735 2142 te
754 2108 882 2161 atque
902 2115 1048 2143 omnes
1062 2109 1175 2143 tuos.
1200 2098 1324 2142 vobis
1341 2097 1650 2154 nescientibus,

268 2167 570 2230 perdiderunt.
604 2168 686 2213 Sed
733 2186 851 2213 nunc
884 2185 1056 2231 quoque
1088 2168 1209 2213 nullo
1237 2185 1394 2231 pavore
1421 2168 1647 2214 tremuisti.

266 2254 319 2281 ne
343 2236 452 2282 forte
487 2238 703 2300 quispiam
735 2249 924 2284 vestrum
954 2250 994 2284 te
1034 2239 1249 2283 nesciente
1274 2249 1491 2301 peccaret,
1517 2249 1559 2283 et
1591 2249 1649 2294 te,

262 2307 368 2352 dum
396 2307 473 2351 ista
502 2308 709 2371 loqueris,
744 2308 956 2371 perderet.
994 2314 1062 2354 An
1084 2310 1193 2354 sorte
1216 2308 1322 2354 dum
1361 2309 1544 2368 cognitis
1567 2308 1654 2354 tuis

259 2377 383 2422 factis
409 2378 566 2439 perisse
586 2389 625 2423 te
650 2379 869 2439 intelligis,
905 2390 1085 2444 propter
1124 2380 1211 2425 hoc
1243 2379 1388 2425 alienis
1412 2379 1649 2439 incognitis

262 2447 406 2510 perire
430 2465 518 2492 non
548 2450 731 2495 metuis?

308 2532 316 2551 ¹
337 2531 692 2574 Forte‹lis-putantibus
711 2533 877 2564 1101115.-
893 2531 908 2555 ²
926 2534 1048 2567 Manli.
1071 2546 1124 2568 111,
1145 2545 1199 2566 η.
