1763 2838
249 145 342 191 328
669 161 705 190 s.
747 159 864 188 AUGU
874 158 990 189 snm
1026 159 1228 191 EPISCOPI

241 225 441 284 jucunda
465 225 518 270 sit·
541 224 677 270 alicua
699 223 872 268 fatuitas
888 260 898 278 ‚
921 240 1000 268 nec
1029 224 1120 287 ipse
1145 235 1286 270 tamen
1320 226 1415 273 talis
1434 245 1519 274 esse
1536 245 1619 276 vo-

247 295 419 348 luisset;
446 296 522 341 etsi
538 311 663 340 suum
692 293 924 356 parvulum
946 293 1084 339 filium
1101 331 1111 350 ‚
1134 312 1155 339 a
1169 312 1257 358 quo
1279 298 1495 355 garriente
1516 300 1617 346 talia

248 376 370 428 pater
396 366 520 411 laetus
543 375 739 428 expectat
767 374 808 409 et
833 375 1068 426 provocat,
1094 365 1221 409 talem
1245 369 1468 428 praesciret
1490 369 1618 415 futu-

248 452 343 480 rum
364 454 448 480 esse
469 453 570 481 cum
586 435 790 491 creverit,
812 434 931 479 nullo
952 434 1082 479 modo
1097 434 1316 481 dubitaret
1332 439 1620 486 miserabilius

248 504 481 563 lugendum
509 522 594 550 esse
632 522 762 568 quam
800 515 1036 551 mortuum.
1084 505 1168 549 Sed
1202 505 1310 553 dum
1342 524 1437 570 spes
1470 510 1617 555 subest

249 574 641 632 incrementorum,
674 587 716 621 et
756 575 915 635 ingenii
951 575 1097 620 lumen
1129 592 1398 622 accessurum
1431 579 1620 625 creditur

250 646 389 690 aetatis
413 663 584 692 accessu
603 684 612 702 ‚
638 648 687 692 fit
713 658 760 691 ut
784 646 980 691 convicia
1005 646 1289 709 parvulorum
1315 648 1443 694 etiam
1466 650 1511 695 in
1536 668 1621 714 pa-

249 726 385 760 rentes
400 754 410 766 ,
435 734 522 762 non
550 717 692 762 solum
713 717 920 776 injuriosa
946 734 1032 762 non
1055 717 1139 762 sint
1158 754 1169 773 ,
1202 720 1481 765 verumetiam
1502 732 1621 780 grata

250 796 379 847 atque
415 787 614 846 jucunda
647 788 745 832 sint.
793 786 922 842 Quod
967 787 1141 849 quidem
1177 788 1459 850 prudentium
1496 807 1621 836 nemo

249 857 530 918 probaverit,
560 869 607 903 ut
632 877 653 903 a
678 857 806 902 dictis
830 857 896 902 vel
914 857 1037 902 factis
1062 858 1315 918 hujusmodi
1340 877 1426 905 non
1453 871 1619 906 tantum

249 943 335 970 non
366 928 705 989 prohibeantur,
741 944 840 972 cum
871 928 1097 989 prohiberi
1121 932 1210 987 jam
1234 941 1445 990 possunt,
1471 947 1621 976 verum

248 996 292 1040 in
321 996 418 1042 haec
442 997 571 1043 etiam
596 998 869 1043 concitentur
893 998 1035 1042 studio
1061 997 1232 1042 ridendi
1251 1011 1292 1042 et
1314 999 1503 1045 vanitate
1526 1017 1623 1046 ma-

244 1070 407 1125 jorum.
434 1069 543 1113 Nam
565 1069 822 1132 plerumque
841 1069 914 1113 illa
933 1071 1138 1128 aetasjam
1166 1079 1335 1130 patrem
1356 1080 1624 1133 matremque

252 1154 506 1195 agnoscens,
535 1140 841 1195 neutri-eorum
865 1138 994 1183 audet
1014 1138 1268 1184 maledicere
1285 1176 1296 1195 ‚
1318 1139 1398 1184 nisi
1418 1140 1473 1185 ab
1492 1140 1623 1186 altero

251 1223 398 1251 eorum
419 1244 429 1261 ,
459 1219 533 1253 aut
559 1209 614 1253 ab
651 1219 835 1270 utroque
868 1208 933 1253 wel
968 1209 1173 1270 permissa
1200 1208 1265 1253 vel
1295 1212 1441 1267 jussa3
1473 1227 1622 1256 verum

253 1278 350 1321 haec
371 1294 517 1323 corum
539 1290 637 1323 sunt
660 1279 940 1341 parvulorum
963 1315 972 1331 ‚
998 1278 1175 1340 quijam
1201 1278 1244 1323 in
1263 1279 1395 1324 verba
1423 1297 1622 1343 prorum-

253 1358 381 1408 punt,
401 1359 441 1392 et
465 1349 595 1393 animi
613 1350 677 1393 sui
697 1360 836 1393 motus
855 1348 1250 1411 qualibuscumque
1268 1348 1429 1408 linguae
1446 1367 1625 1413 promp-

254 1427 341 1461 tare
359 1420 448 1476 jam
472 1430 664 1481 possunt.
698 1419 821 1463 Illam
856 1419 1003 1481 potius
1026 1418 1262 1463 recentium
1288 1429 1491 1465 natorum
1515 1437 1620 1483 pro-

250 1487 551 1534 fundissimam
578 1490 865 1549 ignorantiam
880 1489 1127 1544 videamus,
1148 1506 1193 1534 ex
1214 1506 1299 1552 qua
1320 1489 1373 1535 ad
1392 1489 1514 1535 istam
1535 1508 1623 1536 non

257 1576 575 1619 permansuram
592 1560 907 1605 balbutientem
921 1559 1162 1604 fatuitatem
1173 1596 1182 1611 ,
1201 1569 1405 1622 tanquam
1424 1560 1477 1605 ad
1493 1561 1624 1606 scien-

256 1629 355 1673 tiam
382 1630 733 1694 locutionemque
757 1630 979 1675 tendentes
995 1667 1005 1685 ‚
1033 1629 1305 1692 proficiendo
1331 1641 1551 1677 venerunt.

319 1699 498 1745 LXVII.
531 1699 630 1745 Illas
648 1737 657 1755 ,
679 1700 858 1762 inquam
878 1736 888 1755 ,
917 1699 1236 1745 consideremus
1259 1699 1456 1746 tenebras
1472 1700 1624 1746 mentis

253 1768 402 1830 utique
426 1768 667 1823 rationalis,
691 1770 734 1814 in
753 1770 915 1832 quibus
945 1780 986 1813 et
1012 1770 1150 1814 Deum
1184 1786 1361 1831 prorsus
1389 1770 1619 1829 ignorant,

251 1840 375 1895 cujus
398 1839 675 1884 sacramentis
692 1839 819 1884 etiam
851 1855 951 1883 cum
987 1838 1270 1900 baptizantur
1299 1840 1514 1884 obsistunt
1541 1858 1550 1884 :
1579 1840 1623 1885 in

252 1907 330 1951 lias
360 1923 508 1969 quaero
527 1908 642 1954 unde
659 1921 700 1954 et
716 1909 892 1972 quando
910 1908 1121 1953 submersi
1145 1908 1243 1955 sint.
1269 1910 1409 1954 lta-ne
1436 1926 1536 1955 vcro
1557 1928 1624 1955 eas

251 1976 326 2021 liic
345 1988 673 2035 contraxerunt,
701 1990 742 2024 et
766 1979 808 2024 in
829 1979 914 2023 hac
939 1978 1025 2024 vita
1051 1995 1126 2023 sua
1143 1981 1235 2037 jam
1254 1979 1433 2041 propria
1460 1996 1538 2042 per
1558 1979 1623 2025 ni-

254 2046 383 2090 miam
402 2047 703 2107 negligentiam
724 2048 851 2094 obliti
874 2058 974 2093 sunt
1000 2048 1140 2093 Deum
1158 2084 1168 2103 ‚
1204 2048 1439 2111 prudentes
1460 2066 1559 2095 vero
1583 2060 1624 2095 et

252 2116 434 2175 religiosi
464 2117 660 2164 vixerunt
690 2118 757 2164 vel
786 2119 830 2164 in
856 2118 987 2164 uteris
1012 2128 1200 2164 matrum
1213 2121 1230 2163 Ξ)
1268 2119 1427 2164 Dicant
1447 2119 1527 2164 ista
1545 2120 1625 2182 qui

254 2185 343 2230 ausi
367 2186 527 2231 suerint
545 2225 555 2242 ‚
580 2189 758 2234 audiant
779 2189 854 2251 qui
877 2188 1093 2234 voluerint
1112 2225 1122 2243 ‚
1159 2187 1338 2233 credant
1363 2189 1437 2251 qui
1462 2200 1623 2252 potue-

252 2258 339 2300 rint
358 2273 367 2299 :
389 2273 464 2315 ego
485 2268 626 2303 autem
657 2270 765 2322 puto
783 2297 793 2314 ‚
824 2258 943 2322 quod
972 2276 1118 2304 omnes
1135 2275 1322 2322 quorum
1357 2270 1518 2305 mentes
1536 2277 1623 2307 non

252 2326 483 2371 obnubilat
507 2327 791 2374 defendendae
828 2346 917 2374 suae
954 2329 1175 2374 sententiae
1212 2330 1456 2392 pervicacia
1473 2366 1484 2385 ,
1523 2329 1622 2375 haec

250 2396 402 2441 sentire
422 2414 510 2441 non
532 2410 723 2460 possunt.
763 2401 828 2444 An
861 2398 1028 2443 nullum
1063 2410 1123 2443 est
1143 2399 1398 2458 ignorantiae
1425 2400 1584 2445 malum
1607 2438 1618 2456 ,

249 2476 289 2510 et
312 2465 408 2511 ideo
430 2484 506 2512 nee
530 2468 840 2529 purgandum?
867 2470 921 2514 Et
943 2469 1051 2531 quid
1070 2469 1155 2529 agit
1175 2469 1250 2515 illa
1274 2486 1354 2515 vox
1375 2487 1386 2514 ε
1411 2491 1431 2511 «
1453 2469 1622 2516 Delicta
