1763 2838
267 110 358 174 372
683 122 719 152 5.
763 120 1005 153 mausum
1038 121 1244 155 ΕΡ15001>1

259 192 382 237 hitur
398 200 439 236 et
451 186 727 235 immunditia
745 185 797 232 de
816 186 1084 233 immundis?
1105 187 1351 253 Utrumque
1375 189 1490 235 enim
1513 189 1636 247 dixit,

259 261 335 324 qui
375 258 481 305 dixit
502 277 513 304 ι
555 279 574 299 «
597 257 804 321 Alioquin
826 256 905 302 filii
942 257 1069 302 vestri
1094 257 1311 305 immundi
1334 271 1488 316 essent,
1520 276 1637 305 nunc

260 354 280 374 »
308 341 450 376 autem
470 327 608 375 sancti
631 340 744 375 sunt.
778 350 797 370 »
830 327 1060 390 Explicent
1083 329 1211 374 etiam
1232 331 1455 393 quomodo
1473 334 1642 389 justum

258 402 329 456 sit,
354 411 402 446 ut
425 411 561 445 S‘lnctl
577 417 623 444 01(
643 398 844 444 fidelibus
867 398 1141 443 etimmundi
1181 416 1230 444 ex
1250 400 1498 446 infidelibus
1530 400 1638 456 nati,

258 472 417 550 pariter
436 479 595 526 tamen,
623 470 657 515 si
679 469 889 532 baptizati
928 485 1016 514 non
1038 468 1220 525 fuerint,
1249 487 1429 529 regnum
1453 471 1530 515 Dei
1553 487 1642 515 non

256 541 564 605 permittantur
593 541 767 586 intrare
803 538 923 596 Quid
948 555 1048 597 ergo
1074 538 1159 583 illis
1197 539 1272 584 itia
1303 540 1506 586 sanctitas
1534 557 1643 602 pro-

258 612 380 657 dest?
402 612 511 656 Nam
533 611 566 656 si
585 609 785 656 damnari
806 608 1045 653 fatelentur
1061 608 1310 654 immundos
1330 627 1376 655 ex
1394 609 1644 655 infidelibus

258 693 395 737 natos,
419 692 587 727 sanctos
606 690 748 725 autem
769 678 880 724 filios
897 677 1091 723 fidelium
1113 678 1157 723 in
1174 679 1252 724 Dei
1272 679 1447 742 quidem
1464 696 1643 738 regnum

252 754 411 798 intrare
431 769 519 797 non
539 768 678 814 posse,
702 748 782 794 nisi
806 748 966 793 fuerint
988 749 1219 811 baptizati,
1248 760 1494 795 nontamen
1516 749 1645 794 dam-

256 822 367 878 nari,
415 822 519 884 quia
559 820 696 866 sancti
730 828 855 873 sunt,
884 828 988 863 esset
1018 819 1350 883 qualiscumque
1389 820 1640 866 distinctio:

257 910 375 938 nunc
395 909 496 937 vero
522 903 646 936 natos
671 889 723 935 de
759 889 919 934 sanctis
941 901 1128 946 sanctos,
1158 901 1199 936 et
1219 890 1271 935 de
1297 890 1535 935 immundis
1559 890 1645 935 im-

256 962 459 1017 mundos,
476 961 702 1025 {equaliter
723 959 895 1014 dicunt,
918 970 959 1004 et
983 959 1085 1021 quia
1101 971 1331 1022 peccatum
1350 977 1439 1006 non
1458 960 1641 1015 habent,

254 1051 340 1078 non
355 1032 569 1087 damnari,
595 1041 636 1076 et
652 1030 754 1094 quia
767 1030 1037 1092 baptismum
1060 1047 1144 1075 non
1166 1030 1351 1086 habent,
1374 1047 1397 1075 a
1412 1030 1491 1075 Dei
1515 1047 1645 1090 regno

254 1103 457 1166 separari.
479 1102 605 1147 Hanc
626 1099 940 1146 absurditatem
954 1099 1064 1146 talia
1083 1099 1254 1160 ingenia
1277 1116 1365 1145 non
1387 1099 1532 1147 Videre
1551 1099 1647 1162 quis

264 1174 439 1219 credat?

319 1244 460 1289 XLII.
493 1243 661 1287 Nostrae
682 1250 850 1295 autem,
879 1241 966 1285 imo
989 1240 1125 1303 ipsius
1165 1240 1362 1302 Apostoli
1389 1240 1641 1295 sententiae,

260 1316 337 1379 qui
355 1316 486 1361 dixit:
505 1337 524 1357 t<
548 1316 609 1360 Ex
634 1331 719 1360 uno
738 1330 885 1359 omnes
907 1313 961 1358 ad
976 1312 1402 1368 condemnationem,
1431 1323 1535 1357 etex
1559 1329 1646 1357 uno

266 1412 284 1431 ›>
308 1408 454 1435 omnes
471 1388 891 1449 adjustificationem
908 1388 1010 1433 vitae
1026 1386 1044 1415 '1
1068 1404 1078 1431 ε
1101 1408 1121 1428 1)
1142 1404 1274 1450 quam
1296 1404 1383 1432 non
1399 1388 1452 1432 sit
1468 1398 1646 1432 contra—

262 1461 374 1505 rium
401 1460 489 1504 hoc
516 1458 636 1522 quod
679 1459 766 1513 ait,
797 1474 897 1502 cum
924 1456 977 1502 de
1002 1456 1084 1501 alia
1124 1474 1168 1502 re
1194 1467 1335 1516 ageret
1367 1474 1376 1501 :
1406 1457 1647 1519 «Alioquin

262 1552 282 1572 ›>
306 1530 384 1575 filii
417 1529 546 1575 vestri
586 1526 805 1573 immundi
827 1538 990 1582 essent,
1030 1543 1148 1572 nunc
1170 1537 1313 1572 autem
1335 1527 1604 1583 sanctisunt,
1627 1549 1647 1569 »

262 1599 493 1662 paululum
519 1597 705 1644 attende.
756 1598 853 1641 Non
895 1597 1022 1641 unius
1058 1596 1179 1641 modi
1221 1607 1283 1641 est
1320 1597 1603 1642 sanctificatio
1631 1615 1642 1642 :

260 1687 360 1714 nam
385 1679 427 1714 01
444 1668 779 1714 catechumenos
803 1666 1041 1711 secundum
1060 1665 1293 1729 quemdam
1314 1667 1493 1712 modum
1520 1683 1646 1712 suum

261 1757 340 1803 per
358 1739 530 1797 signum
551 1738 714 1782 Christi
738 1747 778 1781 ct
798 1738 1035 1781 orationem
1057 1754 1209 1782 manus
1231 1737 1518 1800 impositionis
1537 1748 1645 1800 puto

261 1808 525 1855 sanctificari
554 1825 564 1851 :
593 1818 634 1852 et
653 1807 773 1870 quod
809 1807 1061 1869 accipiunt,
1087 1808 1285 1869 quamvis
1306 1825 1394 1853 11011
1421 1809 1472 1852 sit
1488 1824 1646 1870 corpus

264 1879 446 1932 Christi,
473 1888 673 1923 sanctum
692 1894 733 1922 05
758 1888 920 1932 tamen,
946 1887 988 1921 et
1009 1877 1199 1922 sanctius
1220 1895 1352 1940 quam
1372 1877 1461 1921 cibi
1484 1879 1646 1940 quibus

266 1949 441 2004 alimur,
471 1947 678 2010 quoniam
707 1957 1023 1992 sacramentum
1043 1957 1104 1992 est
1129 1947 1144 2009 (
1164 1948 1261 2003 10).
1295 1947 1452 1992 Verum
1468 1958 1508 1993 et
1530 1948 1646 2010 ipsos

263 2020 403 2075 cibos,
419 2019 579 2081 quibus
601 2017 653 2063 ad
673 2018 969 2063 necessitatem
989 2017 1279 2063 sustentandae
1298 2018 1431 2077 hujus
1452 2018 1645 2064 1110131111-

264 2107 379 2146 mur,
406 2089 663 2135 sanctificari
688 2088 804 2133 idem
818 2088 1051 2150 Apostolus
1069 2088 1283 2150 (11111,1101
1305 2089 1487 2133 verbum
1509 2088 1588 2133 Dei
1605 2099 1647 2133 et

266 2160 520 2213 orationem,
545 2175 630 2220 qua
652 2175 841 2213 oramus,
864 2157 1015 2220 utique
1041 2168 1187 2202 nostra
1221 2158 1480 2221 corpuscula
1506 2157 1645 2203 refec-

267 2230 352 2274 turi
371 2230 404 2275 2.
430 2229 554 2274 Sicut
570 2246 668 2288 ergo
688 2230 766 2273 ista
797 2228 999 2273 ciborum
1026 2228 1312 2273 sanctificatio
1344 2246 1431 2273 non
1470 2228 1601 2274 efficit
1630 2246 1640 2272 ε

265 2309 314 2344 111
336 2298 453 2362 quod
473 2299 519 2343 in
539 2316 585 2344 os
604 2298 830 2345 intraverit
849 2315 936 2343 non
957 2298 1002 2343 in
1021 2308 1214 2344 ventrem
1234 2299 1366 2345 vadat
1383 2309 1423 2344 ct
1445 2299 1490 2344 in
1506 2315 1644 2343 seces-

266 2385 361 2415 sum
386 2369 607 2414 emittatur
624 2386 705 2431 per
725 2368 1069 2432 corruptionem,
1091 2385 1177 2432 qua
1198 2368 1344 2415 omnia
1364 2380 1528 2416 terrena
1554 2367 1643 2414 sol-

317 2456 327 2478 ¹
348 2458 443 2488 Rom.
463 2466 498 2499 v,
527 2455 732 2503 ¹6⁸¹85—²
749 2468 762 2489 1
781 2456 865 2492 Tim.
886 2467 931 2496 1v,
950 2457 979 2488 5.
