1763 2838
198 245 251 275 DE
288 244 437 273 GEsTlS
474 241 563 272 CUM
599 241 794 273 EMERITO
834 244 1023 285 DONAT„
1063 245 1151 275 [ΑΒ.
1196 245 1226 275 1.
1342 244 1427 291 177

55 309 219 373 copalis
246 309 432 369 dignitas
457 306 721 353 fructuosior
744 309 870 355 nobis
885 309 983 366 erit,
1010 310 1044 355 si
1072 326 1242 371 gregem
1266 309 1432 356 Christi

53 381 246 444 deposita
266 379 400 438 magis
418 378 782 441 collegeritquam
799 391 961 426 retenta
979 381 1244 444 disperserit.
1265 406 1278 421 υ
1299 385 1430 427 Cum-

53 469 136 515 que
146 450 362 505 recitaret,
380 448 641 507 Augustinus
661 449 891 513 episeopus
910 451 1016 497 dixit
1035 469 1045 496 ε
1078 454 1243 498 Fratres
1266 453 1364 508 mei,
1398 453 1431 497 si

55 522 296 567 Dominum
324 519 580 579 cogitamus,
625 519 746 565 locus
768 521 843 566 iste
871 521 1012 578 altior,
1041 522 1216 584 specula
1239 522 1436 567 vinitoris

56 603 135 647 est,
164 609 249 636 non
269 589 487 649 fastigium
515 590 817 652 superbientis.
841 591 884 636 Si
904 609 1002 637 eum
1021 591 1118 637 volo
1136 592 1314 638 retinere
1329 593 1439 655 epis-

57 672 263 725 copatum
290 677 452 716 meum,
479 660 680 723 dispergo
705 678 872 720 gregem
904 663 1089 719 Christi,
1113 663 1336 725 quomodo
1357 674 1436 715 est,

59 732 267 778 damnum
286 731 439 792 gregis,
468 731 609 776 honor
634 732 848 793 pastoris?
873 734 977 778 Item
1005 733 1108 793 legit
1130 751 1140 777 :
1170 755 1189 773 α
1213 734 1323 778 Nam
1354 751 1440 796 qua

57 802 198 849 fronte
222 804 268 849 in
289 802 438 848 futuro
458 802 618 848 saeculo
638 803 900 865 promissum
924 823 944 850 a
972 805 1154 850 Christo
1170 805 1445 868 sperabimus

60 874 285 930 honorem,
311 874 344 919 si
376 873 657 919 christianam
682 874 725 918 in
754 875 837 920 hoc
858 875 1016 921 saeculo
1042 887 1185 921 noster
1205 875 1345 920 honor
1366 875 1444 920 im-

60 945 184 1009 pedit
199 946 406 990 unitatem
423 947 442 990 ἱ)
457 945 564 990 Haec
583 955 814 1007 propterea
832 947 1096 1009 praestantiae
1111 958 1196 992 tuae
1215 946 1446 991 scribenda

62 1017 332 1072 curabimus,
360 1027 401 1061 et
421 1026 467 1061 ut
486 1033 563 1078 per
586 1027 621 1061 te
640 1017 909 1063 innotescant
931 1019 1137 1064 omnibus
1160 1017 1444 1081 postulamus,

64 1099 113 1134 ut
148 1089 194 1134 in
218 1087 436 1148 adjutorio
480 1087 658 1133 Domini
685 1089 762 1133 Dei
790 1090 943 1136 nostri.
975 1107 1062 1153 quo
1081 1090 1342 1135 admonente
1368 1089 1446 1133 ista

65 1158 380 1221 promittimus,
408 1168 449 1203 et
475 1174 562 1220 quo
583 1157 818 1217 adjtlvante
842 1177 918 1205 nos
943 1159 1122 1223 implere
1148 1176 1270 1222 posse
1308 1159 1451 1203 confi-—

65 1228 244 1274 dimus:
274 1229 400 1274 etiam
442 1239 540 1272 ante
576 1227 879 1283 (humionem,
920 1229 955 1273 si
995 1230 1087 1274 {ieri
1126 1239 1279 1292 potest,
1315 1228 1447 1274 corda

67 1298 296 1344 hominum
322 1298 389 1344 vel
414 1299 586 1343 infirma
603 1335 613 1353 ‚
636 1298 701 1343 vol
740 1298 867 1355 dura,
902 1299 969 1362 pia
996 1299 1186 1345 charitas
1214 1310 1287 1345 aut
1311 1310 1447 1350 sanct,

69 1379 143 1414 aut
165 1368 338 1414 edomet
359 1389 369 1422 3
390 1385 439 1413 ac
454 1368 514 1413 sie
530 1371 619 1427 jam
644 1369 838 1431 pacificis
866 1371 1083 1415 mentibus
1103 1389 1186 1416 non
1210 1371 1452 1416 resistamus

69 1438 428 1484 manifestissimae
462 1438 660 1494 veritati,
699 1450 739 1483 et
780 1439 1118 1504 disputationem
1161 1452 1352 1486 nostram
1388 1440 1454 1486 vel

71 1509 367 1573 praecedamus
394 1508 645 1557 concordia.
670 1509 737 1554 vel
764 1527 1011 1572 sequamur.
1039 1513 1188 1574 Neque
1213 1511 1327 1555 enim
1352 1511 1448 1555 des-

71 1597 223 1644 perare
237 1580 461 1633 debemus,
479 1580 510 1624 si
525 1579 719 1624 recolunt
739 1598 824 1625 esse.
841 1582 1045 1643 pacificos
1063 1582 1228 1633 beatos,
1247 1582 1452 1644 qnoniam

71 1651 155 1714 ipsi
183 1651 259 1696 filii
283 1651 361 1696 Dei
384 1651 662 1696 vocabuntur
684 1649 720 1703 1,
752 1651 888 1695 multo
927 1651 1098 1712 dignius
1121 1663 1161 1697 et
1188 1651 1358 1697 facilius
1383 1669 1454 1695 eos

74 1723 198 1779 velle,
240 1733 287 1768 ut
312 1739 411 1786 pars
442 1722 601 1766 Donati
628 1721 825 1766 universo
852 1722 949 1766 orbi
977 1723 1216 1768 christiano
1257 1723 1450 1768 reconci-

75 1793 222 1847 lietur‚
240 1810 372 1856 quam
397 1794 621 1839 universus
656 1792 774 1838 orbis
812 1793 1074 1839 christianus
1103 1812 1124 1838 a
1148 1805 1272 1857 parte
1296 1795 1454 1839 Donati

76 1864 391 1927 rebaptizetur:
419 1881 517 1909 cum
544 1863 784 1927 prasertim
825 1863 877 1909 de
916 1864 1163 1909 Maximiani
1186 1865 1389 1924 sacrilego
1414 1876 1455 1909 et

76 1935 280 1980 damnato
299 1935 530 1980 schismate
550 1935 786 1985 venientes,
805 1951 914 1998 quos
939 1935 1067 1980 etiam
1096 1947 1356 1981 terrenartnn
1378 1955 1454 1999 p«)-

77 2006 551 2065 testatumjussionibus
570 2005 821 2051 insectando
837 2005 1064 2050 emendare
1084 2017 1311 2059 curarunt,
1338 2017 1454 2051 tanta

77 2076 298 2136 diligentia
331 2077 620 2140 quaesierunt,
648 2087 695 2122 ut
724 2093 801 2121 nec
826 2076 1093 2139 baptismum
1127 2077 1182 2122 ab
1208 2077 1264 2122 eis
1301 2077 1451 2121 datum

77 2147 318 2192 rescindere
355 2147 579 2202 auderent,
607 2156 647 2191 et
672 2145 883 2209 quosdam
921 2163 1067 2191 eorum
1105 2146 1333 2191 damnatos
1364 2147 1453 2192 sine

78 2217 165 2263 ulla
209 2217 388 2262 honoris
423 2217 712 2262 diminutione
747 2216 1030 2279 susciperent,
1054 2216 1264 2280 quosdam
1287 2234 1384 2262 vero
1408 2218 1452 2263 in

79 2289 194 2334 illius
207 2286 468 2334 discissionis
485 2288 685 2333 societate
708 2287 958 2350 impollutos
973 2305 1058 2333 esse
1078 2299 1308 2334 censerent.
1337 2291 1455 2344 Quo-

81 2376 176 2404 rum
217 2359 328 2404 inter
348 2377 388 2405 se
410 2359 659 2404 concordiae
686 2376 771 2404 non
797 2359 1068 2404 invidemus:
1097 2359 1165 2403 sed
1197 2377 1267 2404 eos
1285 2372 1455 2422 oportet

82 2430 301 2476 advertere
321 2446 453 2493 quam
474 2430 544 2492 pie
566 2447 735 2476 ramum
760 2448 780 2475 a
807 2447 849 2475 se
874 2429 1060 2474 fractum
1083 2440 1203 2475 tanto
1224 2430 1367 2477 studio
1382 2450 1455 2477 ra-

82 2500 152 2546 dix
174 2500 390 2547 catholica
414 2501 610 2564 inquirit,
633 2501 665 2547 si
687 2518 828 2546 ramus
844 2501 934 2564 ipse
953 2501 1147 2547 similiter
1168 2521 1187 2547 a
1214 2520 1254 2546 se
1273 2520 1455 2565 parvum

134 2587 143 2607 ¹
168 2583 285 2617 Mauh.
309 2596 338 2617 ν.

247 2653 338 2681 ext.
1282 2655 1289 2682 1
1309 2654 1329 2681 τ),
