1763 2838
244 155 329 202 150
653 167 687 197 s,
731 165 972 197 Aucusrml
1006 165 1208 198 nrlseom

240 235 471 300 praesentia
489 233 704 281 confutari
725 250 735 278 ε
757 231 868 278 nihil
882 243 1025 278 tamen
1044 231 1251 278 dubitans
1260 232 1313 278 de
1330 233 1602 297 purgatione,

237 309 326 354 imo
349 322 443 354 eam
470 305 702 353 verborum
729 320 902 368 quoque
931 320 1108 349 suorum
1130 303 1473 351 manifestatione
1496 322 1605 351 con-

235 379 430 434 firmans,
451 377 562 422 sicut
592 375 853 439 rescriptum
877 377 967 434 ejus
990 373 1191 420 ostendit.
1230 374 1338 421 Haec
1363 392 1440 421 nos
1463 375 1608 422 omnia

234 448 495 494 documenta
520 461 663 492 causae
691 445 842 491 Felicis
865 445 908 491 in
930 445 1133 491 manibus
1149 443 1439 503 habebamus,
1460 456 1501 492 et
1521 445 1609 492 dis-

231 533 514 583 posueramus
529 516 697 562 tradere
715 515 952 562 recitanda.
979 515 1031 560 In
1055 531 1142 578 quo
1162 515 1247 578 ipsi
1275 533 1353 562 nos
1374 532 1605 581 praevene-

231 599 335 636 runt
352 626 363 644 ‚
398 599 441 634 et
474 587 645 633 easdem
672 586 953 650 Imperatoris
979 585 1143 631 litteras
1173 584 1227 631 de
1260 586 1458 646 Ingentio
1485 587 1539 633 ad
1564 604 1609 633 se

232 659 445 707 mittendo
466 658 630 722 priores
648 657 952 722 protulerunt3
978 667 1019 703 et
1041 657 1331 703 recitaverunt
1352 694 1362 714 ,
1396 661 1489 718 jam
1521 656 1609 703 for-

234 743 342 778 tasse
365 730 493 776 nobis
517 746 563 775 ea
587 746 675 774 non
699 728 946 774 recitaturis
963 765 973 785 ,
998 728 1101 792 quia
1130 726 1325 774 sufficere
1341 729 1610 792 putabamus

233 803 360 848 etiam
381 814 555 847 causam
576 799 800 846 Caeciliani
833 799 891 845 ita
912 810 1131 863 peractam
1163 815 1249 844 esse
1264 836 1275 856 ‚
1299 810 1348 844 ut
1377 798 1490 845 nihil
1515 811 1610 844 ain-

234 873 350 937 plius
366 871 471 932 exigi
493 870 725 918 videretur.
753 870 837 916 Sed
858 870 1111 917 adversariis
1128 870 1282 915 nostris
1298 869 1343 916 id
1365 870 1609 930 agendmm,

234 954 284 990 ut
312 941 554 1007 persecutio
586 955 719 1005 quam
756 944 937 1000 majores
979 956 1130 986 eorum
1167 939 1283 1003 apud
1323 941 1614 1003 Imperatores

236 1013 393 1060 nostris
413 1011 653 1072 majoribus
669 1010 863 1056 fecerunt
881 1031 891 1064 ;
913 1022 954 1055 et
974 1027 1122 1055 eorum
1145 1009 1377 1055 calumniae
1400 1019 1614 1072 superatae

241 1083 507 1131 cumulatius
538 1092 826 1146 apparerentg
861 1081 968 1144 quid
999 1080 1262 1135 faceremus,
1295 1080 1376 1125 nisi
1396 1080 1542 1125 oblata
1558 1079 1617 1125 li-

238 1157 393 1202 benter
411 1154 626 1216 accipere,
653 1163 695 1198 et
729 1153 886 1211 gratias
917 1152 1107 1197 Domino
1140 1151 1183 1196 in
1222 1151 1426 1196 omnibus
1459 1153 1617 1210 agere?

243 1224 521 1271 Constantini
544 1240 644 1283 ergo
676 1223 839 1268 litteras
857 1223 940 1286 ipsi
960 1222 1239 1286 protulerunt
1260 1258 1270 1278 ,
1298 1221 1382 1284 ipsi
1413 1221 1616 1268 recitave-

241 1307 359 1342 runt.
390 1293 655 1339 Incredibile
676 1293 850 1340 videtur
870 1309 955 1338 esse
988 1292 1108 1355 quod
1131 1291 1249 1344 dico,
1276 1290 1347 1336 sed
1383 1302 1495 1350 gesta
1533 1301 1618 1336 tes-

243 1375 422 1412 tantur:
453 1364 715 1427 conscriptae
738 1375 838 1408 sunt
867 1378 1015 1408 eorum
1045 1361 1390 1425 prosecutiones,
1418 1370 1618 1406 tenentur

245 1435 603 1498 subscriptiones.
632 1434 738 1498 Ipsi,
762 1435 958 1496 inquam,
985 1433 1275 1479 recitaverunt
1297 1449 1308 1477 ι
1331 1452 1350 1472 (ι
1372 1431 1618 1478 Constanti-

243 1525 348 1554 num
373 1505 592 1569 scripsisse
616 1504 738 1569 quod
769 1505 959 1551 AElianus
982 1502 1218 1567 proconsul
1243 1503 1287 1548 in
1318 1517 1445 1547 causa
1469 1502 1620 1548 Felicis

246 1577 508 1624 audientiam
542 1576 784 1639 praebuerit
815 1586 1131 1638 competentem
1151 1611 1160 1629 ,
1190 1585 1232 1618 et
1250 1572 1368 1635 quod
1390 1590 1412 1617 a
1438 1572 1621 1618 crimine

247 1647 491 1694 traditionis
515 1647 788 1692 innocentem
811 1646 996 1691 Felicem
1019 1645 1147 1691 fuisse
1167 1643 1420 1690 constiterit.
1441 1642 1526 1688 Sed
1543 1644 1616 1688 In-

246 1719 438 1779 gentium
459 1717 512 1762 ad
527 1717 782 1762 comitatum
802 1730 927 1761 suum
955 1727 1186 1779 propterea
1211 1714 1323 1759 mitti
1343 1713 1548 1768 voluisse,
1574 1723 1622 1758 ut

246 1790 333 1845 his,
359 1787 518 1852 inquit,
540 1786 617 1849 qui
636 1787 679 1831 in
700 1787 1030 1849 praesentiarum
1059 1796 1216 1845 agunt,
1236 1795 1277 1829 et
1295 1783 1510 1828 diuturnis
1534 1782 1622 1828 die-

246 1857 616 1921 businterpellare
639 1874 725 1901 non
749 1856 969 1912 desinunt,
995 1855 1284 1918 praesentibus
1314 1865 1355 1899 et
1383 1868 1529 1899 coram
1553 1871 1622 1899 as-

248 1929 494 1976 sistentibus
519 1944 727 1991 apparere
751 1938 791 1972 et
809 1927 1001 1972 intimari
1019 1927 1181 1990 possit,
1205 1926 1361 1971 frustra
1380 1941 1451 1970 eos
1477 1924 1622 1970 Caeci-

246 2000 364 2045 liano
394 1998 604 2044 invidiam
630 2014 926 2060 comparasse,
969 2008 1011 2041 et
1048 1996 1249 2042 adversus
1287 2012 1383 2040 enm
1414 1994 1624 2039 violenter

249 2072 465 2129 insurgere
490 2068 686 2115 voluisse.
713 2090 732 2109 »
753 2068 839 2131 Ipsi
865 2068 1163 2113 recitaverunt.
1190 2067 1300 2123 Quis
1317 2076 1509 2110 nostrum
1535 2064 1624 2110 boc

250 2141 425 2185 auderet
451 2150 623 2202 optarm
651 2149 699 2183 nt
719 2154 826 2202 quos
851 2138 1055 2201 iniquitas
1070 2137 1227 2183 fecerat
1250 2147 1417 2181 nostros
1441 2148 1624 2180 accusa-

250 2222 361 2256 tores
378 2247 388 2265 ,
407 2226 475 2254 eos
498 2209 652 2254 veritas
678 2219 767 2254 nost
780 2226 844 2253 roz
869 2208 1026 2253 [haeret
1049 2207 1321 2253 defensores?
1345 2206 1417 2250 Sic
1439 2215 1480 2249 ct
1497 2204 1622 2250 illum

249 2280 425 2326 Balaam
451 2279 468 2307 4
488 2315 498 2333 ,
521 2295 648 2342 quem
681 2279 952 2341 temporibus
985 2278 1173 2340 antiquis
1198 2277 1248 2321 ad
1279 2273 1623 2321 maledicendum

249 2351 328 2397 Dei
352 2350 568 2413 populum
588 2349 794 2395 conduxit
815 2349 1033 2413 iniquitas,
1052 2347 1307 2393 benedicere
1322 2344 1535 2409 compulit
1553 2361 1623 2392 ve-

250 2433 367 2468 ritas,

302 2505 544 2540 ΙΝ11111.1“1.’<111.
