1763 2838
221 197 276 230 DE
312 196 489 231 NATURA
523 196 577 228 Er
612 196 793 241 saum,
832 198 1008 231 CONTRA
1044 199 1283 236 PELAGIUM.
1366 189 1461 238 513

87 266 149 311 ita
172 275 220 312 ut
239 275 444 311 sanentur
463 264 508 310 in
531 263 644 310 illius
668 265 803 325 magis
826 282 912 311 esse
928 265 1225 313 misericordia
1247 285 1380 332 quam
1413 273 1461 319 in

88 347 234 383 nostra
263 345 468 400 potestate
498 333 722 381 fateamur.
768 335 894 381 Hanc
926 335 1004 380 iste
1041 336 1383 386 misericordiam
1418 354 1461 389 et

88 405 347 452 medicinale
375 405 608 451 Salvatoris
633 405 838 450 auxilium
867 415 1036 451 tantum
1054 406 1100 451 in
1124 406 1211 453 hoc
1230 413 1382 472 ponit,
1412 424 1461 459 ut

87 478 282 537 ignoscat
311 476 537 522 commissa
567 477 784 539 praeterita
801 514 812 531 ‚
847 493 934 521 non
962 487 1010 521 ut
1038 477 1212 538 adjuvet
1239 481 1464 531 adfutura

88 546 281 593 vitanda.
310 547 395 593 Hic
418 547 775 610 perniciosissime
797 547 962 592 fallitur
984 565 994 590 :
1024 547 1123 604 hic,
1151 550 1226 595 etsi
1245 553 1457 612 nesciens,

89 618 299 680 prohihet
313 635 390 663 nos
403 617 581 677 vigilare
598 628 639 663 et
651 634 770 663 orare
788 634 841 662 ne
863 617 1072 663 intremus
1085 619 1129 664 in
1153 623 1429 671 tentationem
1446 663 1458 681 ‚

91 705 192 734 cum
228 688 315 733 hoc
350 705 404 733 ne
436 688 564 734 nobis
587 688 781 746 accidat,
808 689 855 733 in
885 698 1033 734 nostra
1056 699 1226 736 tantum
1252 704 1465 754 potestate

89 775 175 804 esse
198 758 436 805 contendit.

155 832 248 877 XL,
296 852 316 872 α
354 830 659 886 Quorumdam
709 848 807 877 sane
854 831 1046 894 exempla
1061 869 1072 888 ‚
1118 849 1225 895 quos
1263 851 1467 896 peccasse

89 901 271 961 legimus
286 938 297 957 ‚
341 917 428 946 non
469 900 566 945 ideo
607 901 769 964 scripta
808 901 941 957 dicit,
996 901 1074 964 qui
1122 919 1278 948 sanum
1324 907 1463 969 sapit,

91 983 140 1018 ut
176 971 226 1017 ad
248 971 591 1034 desperationem
623 989 709 1016 non
732 972 946 1035 peccandi
967 972 1138 1017 valeant
1158 1010 1169 1029 ,
1206 984 1246 1019 et
1263 977 1468 1022 securita-

93 1054 176 1088 tem
198 1041 410 1106 peccandi
433 1042 559 1087 nobis
582 1042 775 1105 quodam
796 1043 927 1088 modo
948 1043 1146 1105 praebere
1163 1044 1391 1092 videantur
1414 1066 1424 1092 ε
1449 1069 1470 1089 »

91 1113 163 1159 sed
185 1124 232 1158 ut
248 1112 528 1167 disceremus,
547 1112 613 1158 vel
634 1113 879 1175 poenitendi
904 1112 935 1158 h
944 1113 1202 1158 umilitatem
1217 1151 1228 1170 ,
1254 1116 1323 1161 vel
1341 1117 1470 1163 etiam

90 1184 136 1229 in
162 1183 319 1229 talibus
344 1182 541 1245 lapsibus
569 1200 656 1228 non
693 1183 1010 1247 desperandam
1039 1183 1235 1231 salutem.
1276 1186 1470 1242 Quidam

92 1253 273 1300 eniniin
293 1263 472 1315 peccata
499 1253 695 1315 prolapsi
723 1253 1021 1315 desperatione
1042 1253 1139 1315 plus
1160 1266 1362 1316 pereunt,
1391 1274 1469 1302 nec

93 1323 231 1370 solum
252 1321 499 1386 poenitendi
519 1322 744 1381 negligunt
768 1322 1031 1367 medicinam
1053 1359 1063 1375 ‚
1090 1323 1164 1367 sed
1189 1323 1241 1368 ad
1261 1326 1474 1388 explenda

92 1394 321 1440 inhonesta
340 1404 382 1438 et
400 1392 560 1437 nefaria
581 1392 792 1437 desideria
809 1393 917 1438 servi
936 1391 1172 1438 libidinum
1193 1404 1234 1438 et
1251 1396 1474 1441 scelerata-

93 1463 513 1528 runicusndstaunn
538 1462 1469 1526 fiunt;(puffii]xffdant,sinonieCfflfint‚

95 1532 605 1598 quodinsfigatlssndo‚
635 1534 1473 1591 cunieosyuninaneatcemn‹ffiunna-

95 1606 168 1652 tio.
198 1605 413 1651 Adversus
433 1604 555 1648 hunc
574 1604 781 1648 morbum
806 1602 990 1647 nimium
1016 1602 1310 1663 periculosum
1329 1616 1371 1650 et
1397 1606 1478 1651 exi-

94 1676 289 1721 tiabilem
309 1713 319 1731 ,
340 1675 455 1720 valet
474 1674 834 1719 commemoratio
856 1682 1138 1736 peccatorum
1158 1673 1288 1719 etiam
1314 1675 1359 1720 in
1377 1692 1478 1739 quoe

89 1746 198 1806 justi
221 1746 447 1807 sanctique
466 1744 664 1807 prolapsi
690 1755 804 1790 sunt.

162 1817 283 1862 XLI.
317 1815 400 1860 Sed
423 1825 546 1860 acute
565 1813 739 1859 videtur
756 1815 1020 1873 interrogare
1044 1831 1054 1857 z
1076 1834 1096 1854 α
1119 1813 1352 1870 Quomodo
1373 1815 1477 1861 istos

97 1897 268 1932 sanctos
292 1885 346 1930 dc
365 1886 450 1931 hac
469 1885 558 1930 vita
582 1884 733 1929 abiisse
758 1884 1023 1929 credendum
1046 1884 1123 1938 sit,
1156 1901 1256 1928 cum
1275 1897 1475 1946 peccato,

99 1974 153 2002 an
173 1958 262 2002 sine
279 1966 461 2019 peccato
478 1958 496 2001 Ξ)
516 1977 535 1995 »
558 1955 617 1999 Ut
641 1954 675 1998 si
692 1970 949 2016 responsum
972 1953 1101 1998 fuerit
1120 1989 1130 2007 ‚
1154 1969 1254 1998 cum
1275 1966 1474 2016 peccato,

100 2040 278 2094 putetur
301 2046 370 2074 eos
391 2038 537 2073 secuta
570 2027 793 2071 damnatio
810 2063 820 2081 ‚
848 2026 969 2088 quod
991 2025 1108 2070 nefas
1127 2036 1188 2070 est
1207 2027 1379 2073 credere
1404 2046 1414 2073 :
1444 2029 1480 2075 si

101 2112 244 2146 autem
265 2099 353 2145 sine
384 2107 565 2162 peccato
588 2096 759 2141 dictum
781 2095 912 2140 fuerit
946 2112 1015 2140 eos
1039 2095 1166 2140 exisse
1185 2095 1237 2141 de
1256 2097 1341 2143 hac
1356 2099 1447 2144 vita
1463 2136 1475 2155 ,

100 2173 259 2236 probet
278 2170 503 2217 hominem
528 2168 678 2213 saltem
705 2167 1032 2230 propinquante
1064 2178 1200 2212 morte
1235 2168 1364 2214 fuisse
1389 2171 1479 2215 sine

100 2242 347 2306 peccatoin
374 2241 459 2285 hac
485 2238 704 2284 vna.13bi
738 2237 1264 2300 parunizsttendit‚(nnn
1294 2240 1346 2284 εὴ
1373 2257 1481 2286 acu-

102 2314 316 2367 tissimus,
360 2328 448 2356 non
484 2309 642 2355 frustra
677 2310 803 2354 ctiam
843 2313 981 2368 justos
1004 2309 1049 2353 in
1075 2310 1267 2354 oratione
1299 2310 1477 2357 dicere:

102 2405 122 2425 «
147 2384 328 2429 Dimitte
353 2381 479 2426 nobis
500 2380 651 2425 debita
685 2390 829 2424 nostra
851 2416 860 2433 ‚
899 2380 1009 2424 sicut
1045 2389 1087 2423 et
1121 2396 1197 2424 nos
1222 2379 1485 2428 dimittimus

103 2476 123 2495 >)
143 2453 417 2499 debitoribus
442 2451 597 2497 nostris
623 2450 657 2495 ¹1.
683 2472 703 2494 »
737 2450 1063 2513 Dominumque
1104 2448 1329 2498 Christum
1349 2488 1360 2510 ,
1384 2469 1486 2498 cum

153 2536 163 2558 ¹
186 2535 306 2568 Matth.
326 2545 369 2573 vx,
395 2547 446 2568 12.

272 2606 366 2636 CXL.
1307 2591 1366 2638 33
