1763 2838
275 107 368 164 504
698 119 730 148 s,
775 119 1016 151 AccusTixt
1054 122 1252 152 EPISCOPI

275 211 296 232 ›>
320 188 394 233 abs
419 196 482 240 te,
501 201 588 229 non
610 201 631 228 a
656 200 735 229 me.
765 185 961 248 Denique
980 187 1167 233 avertisti
1192 186 1342 233 {aciem
1364 196 1482 232 tuam
1503 203 1524 232 a
1550 203 1639 244 me,

277 280 297 300 ›>
324 267 363 302 et
385 255 522 300 factus
537 271 632 299 sum
657 254 957 300 conturbatus.
984 276 1003 296 n

340 325 549 371 XXVIII.
594 324 688 369 Hoc
722 324 934 386 superbus
975 324 1142 370 animus
1173 326 1348 371 omnino
1376 343 1460 371 non
1496 325 1642 389 sapit:

277 395 351 443 sed
384 411 562 455 magnus
593 404 654 439 est
690 394 924 450 Dominus,
952 394 1030 457 qui
1063 394 1109 440 id
1137 395 1391 458 persuadeat
1427 395 1647 458 quomodo

274 467 366 532 ipse
384 466 518 512 novit.
554 466 663 510 Nam
688 465 970 527 procliviores
993 482 1139 511 sumus
1162 483 1355 528 quaerere
1379 467 1523 529 potius
1540 464 1648 529 quid

277 547 428 583 contra
454 553 500 581 ea
519 535 855 599 respondeamus
875 572 885 590 ,
908 553 1007 600 quee
1024 547 1168 582 nostro
1196 537 1465 596 objiciuntur
1483 538 1617 582 errori
1634 573 1646 592 ,

277 625 408 672 quam
436 605 656 652 intendere
679 623 810 669 quam
830 606 913 651 sint
933 606 1120 651 salubria
1140 644 1150 662 ‚
1180 617 1227 652 ut
1246 623 1465 652 careamus
1487 623 1644 653 errore.

278 678 403 725 Unde
428 695 529 724 cum
558 678 646 724 istis
672 694 757 722 non
776 688 860 722 tam
887 676 1256 740 disputationibus
1271 714 1281 733 ‚
1300 690 1429 740 quam
1456 694 1537 740 pro
1560 676 1618 722 eis
1635 713 1647 732 ,

278 750 389 796 Sicut
420 766 499 812 pro
520 748 647 794 nobis
667 785 677 804 ‚
700 748 969 793 orationibus
987 759 1047 794 est
1073 748 1300 808 agendum.
1326 749 1423 793 Non
1437 749 1550 793 enim
1565 747 1652 792 hoc

279 821 338 866 eis
359 819 569 874 dicimus,
593 818 713 882 quod
733 818 815 863 sibi
840 819 917 863 iste
937 819 1141 882 opposuit
1160 857 1170 875 ‚
1196 841 1214 860 «
1237 820 1296 864 Ut
1310 829 1414 864 esset
1433 835 1560 864 causa
1574 818 1653 863 mi-

280 888 525 935 sericordiae
551 889 657 942 Dei,
693 889 975 934 necessarium
1012 890 1138 935 fuisse
1162 900 1406 952 peccatum.
1432 912 1452 930 »
1477 889 1653 934 Utinam

283 978 370 1005 non
392 959 537 1005 fuisset
560 958 751 1015 miseria,
777 976 829 1003 ne
853 959 930 1003 ista
957 970 1062 1004 esset
1086 959 1378 1004 misericordia
1402 959 1648 1004 necessaria.

283 1029 369 1077 Sed
389 1029 662 1092 iniquitatem
684 1029 853 1091 peceati
874 1039 990 1073 tanto
1016 1030 1251 1089 graviorem
1272 1067 1282 1085 ,
1304 1040 1466 1092 quanto
1486 1028 1655 1074 facilius

283 1101 418 1148 homo
437 1117 523 1144 non
537 1110 753 1163 peccaret,
771 1117 900 1163 quem
924 1099 1041 1145 nulla
1056 1100 1203 1145 adhuc
1221 1101 1393 1145 tenebat
1408 1099 1653 1154 infirmitas,

283 1187 417 1235 poena
445 1171 678 1230 justissima
716 1170 944 1216 subsecuta
980 1182 1077 1216 est:
1109 1182 1156 1216 ut
1184 1170 1424 1216 mercedem
1460 1181 1656 1215 mutuam

283 1242 451 1305 peccati
472 1242 535 1286 sui
557 1242 600 1286 in
626 1242 854 1304 semetipso
888 1243 1119 1305 reciperet,
1149 1242 1347 1286 amittens
1372 1241 1453 1287 sub
1483 1258 1523 1286 se
1544 1240 1659 1304 posi-

286 1324 371 1357 tam
397 1312 461 1357 sui
481 1313 673 1374 corporis
692 1312 882 1375 quodam
904 1313 1032 1358 modo
1051 1312 1363 1368 olmdiel‘itiain,
1391 1329 1521 1375 quam
1547 1328 1659 1374 prac-

285 1384 461 1445 cipuam
501 1382 582 1426 sub
615 1382 802 1427 Domino
835 1399 912 1427 suo
948 1383 1039 1446 ipse
1080 1391 1413 1445 contempserat.
1453 1383 1509 1426 Et
1542 1380 1660 1444 quod

283 1468 403 1499 nunc
423 1468 522 1497 cum
544 1451 691 1496 eadem
713 1451 803 1512 lege
822 1453 991 1514 peccati
1018 1452 1252 1507 nascimur,
1278 1469 1376 1515 quae
1395 1451 1440 1496 in
1458 1451 1661 1496 membris

284 1521 439 1568 nostris
457 1532 671 1584 repugnat
691 1521 773 1581 legi
793 1522 1151 1586 111e11tis‘13neque
1171 1522 1372 1567 adversus
1392 1523 1531 1566 Deum
1549 1538 1663 1567 mur-

289 1609 483 1648 murare,
518 1608 655 1655 ncque
683 1603 833 1638 contra
874 1610 960 1638 rem
988 1592 1376 1638 manifestissimam
1411 1591 1661 1655 disputar03

290 1663 363 1711 scd
405 1679 485 1725 pro
528 1680 661 1725 poena
701 1673 843 1708 nostra
885 1663 1000 1709 illius
1036 1662 1369 1709 misericordiam
1395 1678 1587 1725 quierem
1623 1672 1663 1706 et

292 1750 411 1777 orare
436 1732 657 1778 debemus,

358 1802 521 1848 XXIX.
561 1801 777 1848 Attendite
814 1820 913 1848 sane
953 1804 1180 1863 vigilanter
1220 1803 1440 1866 quomodo
1477 1802 1660 1848 dixerit:

298 1893 317 1913 «
347 1872 540 1918 Adhibet
562 1872 739 1935 quidem
765 1873 870 1918 huic
898 1875 1024 1919 etiam
1050 1874 1187 1937 parti,
1217 1876 1250 1919 si
1278 1873 1452 1937 quando
1475 1890 1669 1918 necessa-

294 1943 409 1990 rium
450 1942 602 1997 fuerit,
638 1943 976 1989 misericordiam
1013 1962 1133 1989 suam
1175 1949 1321 1997 Deus3
1363 1945 1465 2007 quia
1502 1943 1672 1988 homini

298 2024 398 2078 post
418 2024 650 2077 peccatum
670 2014 727 2059 ita
746 2015 967 2060 subveniri
986 2033 1202 2061 necessum
1223 2026 1281 2060 est
1296 2052 1305 2069 ‚
1331 2032 1417 2060 non
1435 2014 1537 2077 quia
1560 2015 1674 2059 Deus

298 2101 470 2129 causam
488 2084 671 2142 hujusce
691 2085 949 2130 necessitatis
969 2087 1198 2149 optaverit.
1225 2108 1244 2127 ›>
1266 2085 1506 2130 Videtis-ne
1526 2101 1674 2147 quem-

298 2154 534 2199 admodum
570 2171 655 2198 non
689 2154 808 2199 dicat
833 2156 1112 2200 necessariam
1152 2154 1487 2200 misericordiam
1513 2154 1592 2199 Dei
1627 2163 1675 2198 ut

299 2242 386 2269 non
406 2241 633 2286 peccemus
653 2262 662 2275 ,
688 2225 759 2269 sed
777 2226 877 2287 quia
902 2227 1207 2288 peccavimus?
1234 2225 1398 2271 Deinde
1417 2225 1670 2284 subjungit:

304 2315 323 2334 «
352 2294 435 2338 Sed
463 2304 504 2337 ct
532 2294 721 2339 medicus
746 2295 798 2339 ad
822 2296 1064 2341 curandum
1083 2300 1172 2356 jam
1199 2295 1469 2340 vulneratum
1500 2306 1676 2357 paratus

307 2380 392 2409 esse
408 2362 560 2415 debet3
583 2381 666 2409 non
690 2364 817 2411 debet
833 2376 974 2411 autem
996 2377 1042 2411 ut
1057 2383 1183 2412 sanus
1201 2365 1450 2412 vulneretur
1463 2375 1627 2427 optare.
1656 2386 1675 2407 »

356 2446 460 2475 ιΙὶ11111
495 2456 554 2479 vir,
575 2449 628 2477 2'5,

1760 0 1762 77 l

1760 84 1763 120 '1

1761 127 1763 227 ἱ
