1763 2838
180 162 355 196 CONTRA
391 160 687 193 GAUDENTIUM
721 158 887 192 DONAT.
929 157 1093 202 EPISC„
1132 158 1220 192 Lm.
1262 159 1294 193 1.
1377 157 1463 193 221

90 231 243 279 testina
256 229 454 287 educere,
466 244 660 294 carpere,
673 243 889 292 spargere,
900 224 1118 290 numquid
1127 225 1213 273 dici
1228 236 1372 291 potest
1384 225 1470 291 spi-

89 306 198 353 ritus
210 313 459 369 promptus,
481 320 581 350 caro
600 313 742 350 autern
762 301 934 348 infirma
952 321 963 355 3
980 305 1105 361 qu'us
1120 317 1207 347 non
1221 300 1357 348 solum
1377 300 1472 365 spi-

91 377 199 423 ritus
220 387 306 423 tam
321 385 552 440 promptus
571 374 794 439 apparuit,
812 372 884 420 sed
905 373 1030 419 etiam
1056 389 1155 418 caro
1173 383 1262 418 tam
1280 373 1404 418 firma
1423 381 1472 418 ut

90 448 160 495 vix
173 445 382 494 credibile
404 447 457 492 sit
478 463 576 492 eum
599 445 738 492 facere
751 444 933 493 voluisse
951 461 999 490 ac
1016 442 1198 490 valuisse
1216 460 1317 507 quae
1333 442 1434 490 fecit
1452 445 1471 489 P

94 521 247 583 Itaque
268 518 393 565 vobis
413 528 585 581 oportet
605 517 682 563 iste
710 516 954 581 displiceat,
982 515 1058 578 qui
1091 515 1302 561 rationem
1322 524 1474 561 vestrae

91 589 355 636 infirmitatis
369 605 443 634 sua
457 588 662 634 firmitate
675 587 923 653 perturbat.
947 586 1085 631 Porro
1098 586 1132 632 si
1147 585 1292 646 fugere
1309 584 1472 641 valens,

92 678 172 706 nec
191 660 355 715 volens,
375 660 420 705 in
450 659 629 706 domum
661 676 783 705 suam
806 658 920 718 ligna
946 658 1237 717 congessisset,
1266 667 1395 720 atque
1417 658 1475 701 ir-

92 731 321 777 ruentibus
339 730 525 776 inimicis
549 741 597 776 ut
619 747 718 776 eum
738 727 1179 792 comprehenderent,
1202 727 1349 790 ignem
1369 743 1479 789 sup-

93 802 322 866 posuisset,
343 817 470 864 seque
485 818 586 846 cum
604 802 688 847 suis
706 800 875 846 aedibus
892 809 1223 853 concremasset,
1240 798 1365 844 vobis
1377 797 1479 860 qui-

96 873 194 918 dem
209 871 467 935 praebuisset
480 872 744 935 exemplum,
764 870 837 916 sed
851 870 933 916 sibi
949 870 1197 933 acquisisset
1213 868 1372 929 grande
1394 878 1479 913 tor-

95 954 304 989 mentum.
328 942 456 987 Nunc
472 943 586 988 enim
600 942 808 1007 quoniam
824 941 969 1001 fugere
980 959 1066 986 non
1080 940 1235 995 valuit,
1257 940 1478 1003 aliquanto

95 1014 239 1060 minus
252 1023 312 1059 est
330 1012 507 1059 fortasse
520 1013 585 1059 sui
606 1012 949 1073 sanguinis[reus;,
972 1011 1090 1074 quod
1103 1011 1182 1056 sibi
1196 1009 1345 1056 intulit
1365 1026 1480 1054 mor-

97 1095 202 1141 tem,
246 1100 379 1147 quam
403 1084 718 1147 comprehenso
742 1082 944 1127 inimicus
961 1085 1054 1142 jam
1080 1082 1220 1127 suerat
1259 1080 1472 1126 illaturus.

162 1155 389 1201 XXXVII.
418 1157 473 1201 At
491 1156 603 1200 enim
620 1164 866 1200 sanctarum
881 1153 1209 1215 Scripturarum
1226 1150 1481 1197 auctoritate

98 1224 300 1271 laudatus
324 1235 385 1270 est
407 1225 590 1271 Razias?
617 1222 1068 1281 Quomodolaudatus
1087 1227 1105 1268 9
1127 1223 1242 1279 Quia
1262 1222 1346 1267 fuit
1366 1238 1481 1267 ama-

101 1306 168 1342 tor
181 1297 381 1343 civitatis.
415 1297 511 1342 Hoc
548 1296 692 1360 potuit
711 1307 751 1341 et
769 1295 1022 1350 carnaliter,
1060 1294 1248 1340 civitatis
1279 1292 1482 1339 videlicet

98 1367 214 1414 illius
239 1378 419 1413 terrenae
442 1366 696 1422 Jerusalem,
725 1383 825 1429 quae
855 1366 984 1411 servit
1010 1382 1110 1411 cum
1130 1365 1229 1410 filiis
1261 1364 1370 1417 suis3
1391 1379 1480 1408 non

102 1438 372 1484 autemillius
386 1454 487 1501 quae
511 1454 698 1492 sursum,
721 1436 870 1482 libcrae
886 1436 1035 1481 matris
1060 1446 1232 1482 nostrae.
1258 1434 1482 1480 Laudatus

102 1519 181 1564 est,
209 1508 312 1571 quia
332 1508 643 1553 continentiam
662 1507 847 1553 servavit
864 1507 907 1551 in
928 1507 1155 1552 Juda'i'smo
1180 1524 1190 1551 z
1214 1516 1256 1552 et
1282 1506 1379 1551 haec
1400 1503 1482 1549 sibi

101 1580 147 1625 in
186 1578 512 1642 comparatione
544 1577 726 1638 justitiae
758 1576 1007 1622 christianae
1046 1577 1206 1622 damna
1230 1586 1271 1622 et
1297 1586 1484 1621 stercora

103 1649 229 1695 fuisse
253 1649 361 1694 dicit
379 1648 610 1712 Apostolus
628 1647 662 1694 1.
705 1646 929 1692 Laudatus
946 1658 1024 1703 est,
1047 1649 1147 1712 quia
1168 1659 1291 1712 pater
1310 1646 1486 1692 Judaeo-

104 1738 201 1767 rum
230 1720 541 1784 appellantur:
579 1719 665 1764 hoc
701 1718 837 1778 magis
860 1729 938 1773 est,
968 1719 1082 1765 unde
1106 1731 1147 1765 et
1180 1719 1243 1765 illi
1279 1731 1487 1782 tauquam

105 1791 276 1838 homini
294 1791 512 1854 subrepsit
532 1790 792 1835 humilitatis
816 1790 1105 1853 impatientia,
1153 1801 1201 1836 ut
1233 1790 1355 1854 prius
1378 1788 1489 1834 mori

106 1862 233 1909 vellet
256 1877 385 1924 quam
418 1861 619 1907 hostibus
652 1860 826 1920 subjici.
859 1862 1043 1906 Dictum
1066 1872 1127 1907 est
1159 1861 1278 1925 quod
1314 1859 1488 1919 elegerit

107 1932 313 1978 nobiliter
338 1931 449 1976 mori
475 1949 485 1976 ε
513 1931 666 1977 melius
679 1930 808 1976 vellet
826 1931 1065 1987 humiliter,
1093 1932 1152 1978 sic
1172 1933 1285 1977 enim
1304 1930 1482 1976 utiliter.

110 2002 199 2048 Illis
213 2012 354 2047 autem
373 2002 516 2047 verbis
539 2001 720 2046 historia
737 2001 931 2061 gentium
949 2001 1126 2048 laudare
1145 2002 1385 2048 consuevit.
1413 1999 1487 2045 sed

109 2074 226 2119 viros
243 2072 373 2118 fortes
406 2072 539 2131 hujus
563 2070 729 2126 saeculi,
751 2088 838 2116 non
871 2082 1080 2133 martyres
1099 2072 1278 2118 Christi.
1311 2071 1488 2116 Dictum

111 2155 174 2191 est
188 2143 309 2208 quod
334 2160 375 2189 se
399 2142 579 2188 viriliter
598 2142 651 2188 de
674 2158 798 2187 muro
818 2142 1115 2206 praecipitavit
1146 2143 1190 2189 in
1213 2143 1391 2189 turbas:
1412 2157 1491 2187 nee

112 2233 190 2261 nos
209 2215 397 2260 dicimus
422 2230 520 2259 eum
538 2213 625 2259 hoc
642 2212 788 2258 fecisse
812 2213 1097 2260 muliebriter.
1129 2214 1392 2278 Quanquam
1418 2228 1493 2258 vos

114 2286 190 2348 qui
212 2284 401 2329 multum
422 2283 614 2345 exemplo
639 2283 719 2327 isto
740 2282 999 2346 profecistis,
1027 2283 1154 2329 etiam
1174 2284 1375 2329 foeminas
1398 2299 1495 2327 ves-

116 2366 201 2400 tras
214 2355 299 2399 hoc
316 2353 453 2399 facere
465 2353 671 2398 docuistis
689 2371 699 2397 :
721 2353 794 2398 scd
814 2352 1001 2398 fatemur
1020 2354 1104 2398 hoc
1124 2354 1253 2398 etiam
1271 2354 1386 2416 ipsas
1411 2368 1498 2396 non

114 2424 255 2471 facere
281 2424 576 2480 muliebriter,
603 2424 676 2470 sed
701 2424 911 2477 viriliter3
945 2441 1033 2470 non
1070 2434 1213 2470 tamen
1245 2423 1494 2478 salubriter,

168 2510 179 2531 ¹
201 2509 321 2552 Philip.
336 2519 388 2546 ιιι,
408 2508 440 2539 3.
