1763 2838
282 125 369 169 509
700 139 734 167 s,
783 136 1023 169 AUGUSTINI
1062 138 1268 171 Emscom

284 224 306 247 »
332 202 439 258 tuis,
473 211 514 247 et
548 200 816 248 illuminabit
852 213 891 248 te
932 203 1245 251 (3111·15111519»
1281 204 1473 250 Mortuos
1504 203 1659 251 veritas

287 273 425 327 dicit,
448 272 563 318 unde
586 283 647 318 est
665 283 706 318 et
724 273 834 319 illud
861 291 871 318 ε
900 294 918 315 «
935 273 1037 319 Sine
1054 286 1246 322 mortuos
1270 275 1447 339 sepelire
1469 285 1661 320 mortuos

285 366 307 387 ›>
334 343 461 388 suos2
487 360 497 388 ε
525 364 545 384 »
576 353 771 389 mortuos
809 360 908 404 ergo
944 345 1097 390 veritas
1122 345 1256 400 dicit,
1295 363 1405 409 quos
1434 346 1511 391 iste
1551 344 1658 391 dicit

285 413 389 461 laedi
406 423 446 458 et
461 412 604 458 vitiari
621 430 709 458 non
727 414 917 477 potuisse
935 424 1116 477 peccato
1134 452 1144 471 ,
1169 415 1271 478 quia
1288 415 1488 461 videlicet
1508 414 1664 461 didicit

285 495 517 551 peccatum
539 502 625 530 11011
649 501 736 530 6556
755 486 1056 532 substantiam.
1086 486 1222 531 Nemo
1241 487 1277 531 ei
1298 486 1406 532 dicit
1427 504 1438 531 :
1461 508 1482 528 e<
1498 487 1570 532 Sic
1585 485 1666 531 ho-

287 557 448 602 minem
468 554 633 601 factum
653 593 663 612 ‚
687 566 735 601 ut
757 554 809 602 de
825 556 992 616 justitia
1016 556 1193 621 quidem
1213 568 1355 620 posset
1369 557 1413 603 in
1436 567 1666 621 peccatum

289 627 375 679 ire,
398 636 439 671 et
465 625 518 671 de
543 636 725 689 peccato
762 626 815 672 ad
835 627 1050 686 justitiam
1076 627 1214 672 redire
1246 645 1331 672 non
1355 637 1526 690 posset:
1547 648 1567 669 »
1594 624 1668 671 sed

291 706 340 742 ut
363 696 406 742 111
430 707 660 758 peccatum
680 696 759 742 iret
778 734 788 751 ‚
817 697 982 742 suffecit
1008 697 1044 741 ei
1069 696 1257 742 liberum
1285 697 1515 743 arbitrium
1534 733 1544 752 ‚
1573 712 1662 761 quo

295 784 337 812 se
357 766 448 829 ipse
471 767 665 819 vitiavit3
694 777 741 811 ut
756 777 899 812 autem
919 767 1062 812 redeat
1086 766 1138 811 ad
1155 767 1391 826 justitiam,
1415 784 1525 831 opus
1538 766 1674 812 habet

293 836 465 882 medico
484 873 495 891 ,
515 837 723 899 quoniam
738 853 865 881 sanus
881 854 967 881 non
985 848 1046 882 est
1065 857 1076 890 3
1099 854 1209 900 opus
1228 837 1364 883 habet
1380 837 1646 883 vivificatore
1659 872 1670 892 ‚

296 908 400 971 quia
429 918 624 952 mortuus
649 918 723 954 est.
751 908 814 952 De
839 924 924 970 qua
950 908 1084 967 gratia
1112 909 1289 953 omnino
1305 908 1417 953 nihil
1437 908 1514 954 iste
1537 907 1671 962 dicit,

299 978 422 1041 quasi
447 976 532 1022 sola
554 994 629 1022 sua
653 975 875 1023 voluntate
890 995 931 1023 se
948 978 1081 1041 possit
1100 996 1245 1023 sanare
1259 1016 1270 1034 ‚
1300 978 1400 1041 quia
1417 995 1515 1023 eum
1534 977 1678 1042 potuit

300 1048 388 1093 sola
418 1047 582 1094 vitiare.
611 1047 709 1092 Non
742 1048 780 1093 ei
799 1047 986 1093 dicimus
1004 1085 1014 1103 ‚
1035 1069 1054 1089 «
1074 1058 1257 1093 mortem
1281 1048 1477 1111 corporis
1498 1048 1552 1093 ad
1570 1064 1679 1112 pec-

300 1128 448 1162 catum
483 1117 624 1163 valere
644 1155 654 1173 ‚
679 1119 756 1163 uhi
782 1118 871 1163 sola
900 1118 1094 1164 vindicta
1118 1130 1204 1172 est;
1241 1136 1366 1164 nemo
1391 1119 1504 1164 enim
1525 1127 1679 1182 peccat

301 1204 484 1250 corpore
502 1187 726 1233 moriendo
751 1206 761 1233 :
786 1188 858 1233 sed
883 1189 938 1234 ad
963 1199 1192 1252 peccatum
1214 1188 1326 1236 valet
1352 1206 1464 1234 mors
1493 1188 1649 1234 animae
1667 1221 1678 1240 ,

303 1275 435 1323 quam
454 1258 641 1303 deseruit
661 1259 746 1305 vita
763 1276 838 1304 sua
858 1297 868 1315 ‚
892 1259 979 1304 hoc
996 1270 1083 1316 est,
1111 1262 1226 1305 Deus
1250 1264 1340 1319 ejus
1355 1297 1366 1316 ‚
1392 1276 1492 1323 quae
1516 1274 1684 1304 11666556

305 1340 367 1375 est
387 1340 559 1374 mortua
583 1346 714 1392 opera
738 1330 895 1386 faciat,
922 1329 1060 1376 donec
1086 1331 1253 1375 Christi
1277 1330 1412 1390 gratia
1437 1330 1676 1376 reviviscat.

305 1420 327 1442 «
356 1401 530 1444 Famem
550 1409 591 1444 et
621 1400 735 1445 sitim
760 1411 801 1446 et
825 1411 999 1445 caeteras
1028 1399 1242 1445 molestias
1270 1399 1516 1463 corporales
1533 1436 1545 1456 ,
1569 1398 1685 1444 absit

308 1481 358 1516 ut
391 1469 588 1516 dicamus
615 1471 904 1516 necessitatem
939 1471 1101 1516 habere
1133 1471 1372 1533 peccandi,
1407 1471 1568 1533 quibus
1592 1486 1683 1515 mo-

309 1540 444 1587 lestiis
469 1540 696 1586 exercitata
722 1541 809 1587 vita
827 1544 1047 1601 justorum
1067 1540 1338 1604 splendidius
1357 1540 1538 1596 enituit,
1565 1550 1605 1585 et
1623 1555 1691 1585 eas

311 1628 391 1675 per
413 1611 672 1674 'patientiam
691 1611 936 1674 superando
958 1614 1165 1672 majorem
1184 1611 1365 1671 gloriam
1386 1611 1689 1674 comparavit3

315 1681 390 1728 sed
415 1681 565 1742 adjuta
589 1683 725 1742 gratia
751 1683 857 1735 Dei,
885 1682 1035 1743 adjuta
1061 1682 1230 1745 Spiritu
1258 1681 1365 1738 Dei,
1393 1680 1544 1741 adjuta
1561 1680 1694 1726 mise-

315 1752 505 1800 ricordia
539 1753 648 1806 Dei3
678 1770 764 1799 non
803 1754 992 1816 superba
1030 1754 1250 1801 voluntate
1287 1770 1328 1798 se
1357 1751 1584 1808 extollens,
1620 1749 1695 1796 sed

317 1822 476 1868 humili
493 1822 754 1869 confessione
769 1823 1069 1869 fortitudinem
1091 1841 1353 1887 promerens.
1377 1826 1564 1870 Noverat
1581 1821 1696 1867 enim

318 1894 411 1939 Deo
429 1892 571 1938 dicere
587 1930 597 1948 ‚
625 1895 833 1957 quoniam
859 1904 906 1939 tu
934 1912 976 1938 es
996 1894 1206 1958 patientia
1240 1893 1375 1940 mea3.
1401 1894 1464 1938 De
1489 1909 1575 1956 qua
1595 1909 1697 1951 gra-

319 1965 378 2009 tia
398 1974 439 2008 et
464 1963 679 2022 adjutorio
704 1976 744 2010 et
773 1964 1069 2010 misericordia
1090 2002 1100 2020 ,
1131 1965 1219 2010 51116
1243 1981 1329 2027 qua
1353 1965 1463 2009 bene
1482 1980 1571 2008 non
1592 1977 1699 2026 pos-

323 2050 470 2079 sumus
497 2034 637 2079 vivere
653 2073 663 2087 ,
685 2036 826 2081 1165610
856 2053 988 2098 quare
1012 2035 1088 2080 iste
1114 2035 1291 2080 omnino
1316 2034 1428 2079 nihil
1445 2033 1552 2079 dicit
1574 2050 1584 2077 t
1612 2032 1700 2077 imo

325 2103 453 2149 etiam
476 2103 595 2149 velut
613 2105 695 2150 sihi
714 2105 766 2150 ad
786 2106 999 2165 justitiam
1016 2105 1296 2150 sufficientem
1314 2141 1324 2161 ‚
1349 2104 1382 2149 51
1400 2103 1488 2148 sola
1502 2102 1702 2149 voluntas

329 2174 463 2230 adsit,
491 2174 763 2221 defendendo
784 2187 982 2222 naturam
998 2214 1008 2228 ,
1038 2177 1185 2235 gratiae
1208 2175 1397 2230 Christi,
1430 2191 1515 2237 qua
1535 2172 1702 2233 justifi-

327 2261 495 2299 camur,
539 2246 802 2308 apertissime
838 2246 1115 2292 contradicit.
1148 2248 1239 2290 Cur
1270 2256 1408 2291 autem
1448 2243 1587 2289 soluto
1627 2257 1705 2304 per

331 2315 513 2374 gratiam
538 2317 706 2379 peccati
741 2327 862 2363 reatu
895 2317 948 2362 ad
970 2316 1316 2363 exercitationem
1342 2315 1441 2360 fidei
1474 2329 1589 2358 mors
1605 2328 1706 2357 cor-

327 2384 444 2448 poris
480 2397 679 2441 maneat,
712 2388 910 2450 quamvis
932 2387 1095 2434 venerit
1119 2387 1171 2433 de
1200 2397 1405 2449 peccato,
1425 2387 1517 2445 jam
1553 2391 1594 2428 et
1619 2381 1705 2426 hoc

379 2467 388 2488 ¹
407 2466 521 2509 Eplles.
542 2481 570 2508 V,
591 2476 642 2505 14.
659 2487 703 2492 —
719 2470 734 2491 2
753 2471 871 2504 Mauh.
893 2482 968 2510 vm,
990 2482 1043 2505 22.
1061 2487 1105 2494 -—
1119 2468 1132 2493 3
1147 2470 1227 2504 Psal.
1252 2481 1325 2508 Lxx,
1345 2471 1378 2502 5.
