1763 2838
287 143 379 189 320
713 156 748 187 S.
792 154 1035 186 Aueusrmi
1073 156 1274 187 ΕΡιεθοΡι

285 235 372 269 tam
394 223 531 286 ipsam
555 221 926 267 circumstantiam
952 221 1224 281 Evangelieae
1256 220 1458 266 lectionis
1493 219 1548 265 ad
1574 236 1663 265 rem

287 294 339 339 de
364 310 450 356 qua
470 292 611 352 agitur
636 291 951 354 pertinentem,
988 291 1150 343 intente
1187 301 1402 354 quantum
1436 306 1666 354 possumus

288 364 600 426 diligenterque
625 361 861 408 videamus.

351 435 467 480 LIX.
487 454 506 473 α
524 434 627 477 Erat
640 442 780 477 autem
796 431 946 487 homo,
964 431 1133 493 inquit,
1156 447 1203 476 ex
1227 429 1456 475 Pharisaeis
1477 429 1668 474 Nicode-

292 520 425 548 »mus
443 502 641 555 nomine,
662 501 866 564 princeps
881 501 1135 546 Judaeorum
1158 518 1168 544 :
1193 500 1267 545 hic
1294 500 1410 545 venit
1443 498 1496 544 ad
1520 499 1667 543 Jesum

292 596 311 615 >³
334 584 485 629 nocte,
514 583 555 619 et
579 572 740 618 dixitci
765 589 774 616 ε
808 571 958 616 Rabbi
978 608 988 626 ‚
1016 572 1173 616 scimus
1195 571 1297 633 quia
1327 588 1349 615 a
1385 571 1477 615 Deo
1513 569 1668 614 venisti

292 665 312 685 >³
330 643 554 703 magister3
591 659 717 687 nemo
743 642 856 686 enim
890 651 1034 704 potest
1057 642 1154 687 haec
1190 642 1309 700 signa
1334 639 1473 686 facere
1491 656 1590 702 quae
1622 650 1668 685 tu

293 734 313 756 ›>
333 715 455 769 facis,
480 714 563 759 nisi
582 713 710 759 fuerit
736 713 850 758 Deus
874 729 973 758 eum
997 729 1059 758 eo.
1082 711 1326 774 Respondit
1347 711 1487 766 JesuS‚
1510 721 1549 756 et
1563 709 1670 755 dixit

294 806 313 827 >a
335 785 371 830 01
391 802 401 829 :
432 786 585 840 Amen,
614 801 736 828 amen
754 782 853 827 dico
878 783 977 838 tibi,
998 783 1079 828 nisi
1103 782 1200 845 quis
1217 792 1342 827 natus
1354 780 1484 827 fuerit
1507 780 1666 836 denuo,

295 877 315 897 γ)
332 872 419 900 non
443 864 586 917 potest
612 853 757 898 videre
780 869 961 912 regnum
993 853 1085 899 Dei.
1122 853 1239 898 Dicit
1264 852 1315 897 ad
1351 869 1450 897 eum
1482 850 1671 896 Nicode-

295 947 314 966 »
337 941 464 970 mus:
494 923 728 980 Quomodo
761 933 903 985 potest
938 923 1072 967 homo
1096 924 1243 978 nasei,
1289 939 1390 968 cum
1427 921 1480 966 sit
1519 922 1670 965 senex?

296 1017 315 1036 »
335 993 562 1057 Numquid
578 1003 719 1056 potest
745 993 789 1038 in
817 1003 987 1038 uterum
1013 994 1160 1038 matris
1188 1009 1276 1037 suae
1305 993 1462 1037 iterum
1494 989 1673 1035 introire

297 1087 317 1107 ³>
338 1076 378 1110 et
400 1064 552 1110 nasei?
576 1063 827 1126 Respondit
851 1064 972 1110 Jesus
991 1082 1000 1109 ε
1029 1065 1165 1109 Amen
1181 1100 1191 1118 ,
1211 1080 1335 1107 amen
1353 1061 1452 1106 dico
1471 1061 1570 1116 tibi,
1593 1059 1674 1105 nisi

302 1136 434 1198 »quis
466 1145 638 1179 renatus
661 1133 792 1178 fuerit
815 1151 861 1178 ex
896 1151 1009 1196 aqua
1041 1144 1083 1178 et
1111 1133 1303 1196 Spiritu,
1326 1148 1414 1176 11011
1437 1140 1580 1194 potest
1608 1130 1679 1175 in-

299 1227 319 1247 »
338 1205 467 1249 troire
496 1204 541 1248 in
565 1220 744 1263 regnum
768 1204 864 1250 Dei.
897 1203 1029 1259 Quod
1056 1213 1205 1248 natum
1237 1213 1299 1248 est
1323 1201 1376 1246 de
1400 1217 1547 1256 carne,
1573 1217 1674 1245 caro

300 1298 320 1316 »
337 1286 397 1320 θεῖ
418 1311 428 1330 ,
450 1284 489 1319 et
517 1273 636 1337 quod
662 1284 814 1319 natum
850 1284 912 1319 est
945 1273 998 1319 de
1027 1273 1196 1336 Spiritu
1216 1309 1227 1329 ,
1265 1272 1442 1335 spiritus
1468 1281 1543 1317 est.
1576 1271 1675 1315 Non

301 1368 322 1388 ))
339 1345 504 1391 mireris
525 1344 627 1407 quia
643 1343 729 1389 dixi
748 1344 846 1399 tibi,
867 1354 1040 1406 oportet
1056 1360 1131 1389 vos
1153 1343 1271 1389 nasci
1291 1342 1433 1387 denuo
1453 1359 1464 1386 ι
1489 1339 1676 1404 Spiritus

302 1438 322 1457 »
341 1416 420 1460 ubi
437 1415 532 1460 vult
555 1415 709 1477 spirat,
732 1424 773 1459 et
791 1417 881 1473 ejus
901 1430 1051 1459 vocem
1078 1412 1229 1466 audis3
1251 1411 1323 1457 sed
1347 1427 1436 1456 non
1454 1410 1534 1456 scis
1562 1408 1677 1454 unde

302 1508 322 1528 n
340 1484 502 1541 veniat,
537 1494 612 1529 aut
646 1501 733 1546 quo
763 1483 907 1529 vadat.
940 1483 1011 1528 Sic
1037 1493 1098 1527 est
1122 1482 1263 1527 omnis
1298 1480 1375 1543 qui
1398 1490 1523 1525 natus
1547 1489 1607 1524 est
1629 1496 1676 1524 ex

303 1577 322 1596 »
341 1554 523 1618 Spiritu.
550 1553 794 1616 Respondit
814 1551 1078 1598 Nicodemus
1097 1589 1107 1607 ,
1142 1563 1184 1597 et
1204 1551 1311 1597 dixit
1331 1550 1369 1595 ei
1398 1568 1409 1595 ε
1441 1548 1675 1606 Quomodo

303 1648 324 1667 »
346 1634 527 1688 possunt
548 1624 647 1668 haec
680 1622 802 1668 fieri?
834 1621 1079 1685 Respondit
1112 1623 1234 1667 Jesus
1254 1658 1264 1676 ,
1303 1630 1345 1666 et
1380 1619 1485 1665 dixit
1507 1620 1544 1664 ei
1569 1636 1580 1664 :
1608 1619 1677 1663 Tu

303 1716 323 1737 n
345 1712 387 1739 es
417 1693 618 1752 magister
651 1692 697 1737 in
733 1692 868 1737 lsrael
885 1729 895 1747 ,
928 1702 970 1737 et
992 1692 1090 1737 haec
1115 1691 1327 1751 ignoras?
1353 1690 1490 1735 Amen
1513 1725 1524 1744 ,
1554 1704 1678 1733 amen

305 1787 324 1806 »
345 1765 443 1810 dico
469 1763 549 1808 tibi
571 1799 582 1818 ,
615 1763 716 1824 quia
738 1761 857 1824 quod
889 1762 1048 1807 scimus
1071 1761 1294 1824 loquimur
1311 1797 1323 1816 ,
1350 1770 1392 1805 et
1417 1758 1536 1823 quod
1561 1757 1674 1803 vidi-

304 1855 326 1877 »
343 1850 439 1880 mus
469 1842 698 1887 testamur,
731 1841 772 1875 et
796 1830 1087 1875 testimonium
1122 1841 1322 1875 nostrum
1348 1847 1437 1874 non
1462 1827 1671 1889 accipitis.

305 1926 325 1946 ³)
344 1905 389 1949 Si
414 1915 582 1949 terrena
611 1901 698 1946 dixi
727 1901 877 1955 vobis,
907 1911 948 1945 ct
982 1917 1069 1945 non
1094 1899 1362 1954 credidistis3
1400 1897 1621 1963 quomodo
1645 1896 1678 1941 si

304 1996 326 2018 »
343 1974 487 2020 dixero
511 1971 635 2018 vobis
658 1970 848 2015 coelestia
869 2006 879 2025 ‚
909 1969 1126 2015 credetis?
1159 1970 1215 2014 Et
1247 1986 1372 2014 nemo
1406 1967 1600 2014 ascendit
1632 1966 1677 2011 in

303 2065 326 2087 »
347 2044 526 2097 coelum,
553 2040 634 2086 nisi
651 2040 727 2103 qui
745 2039 796 2085 de
816 2039 928 2084 coelo
955 2038 1178 2084 descendit
1193 2075 1204 2095 ,
1224 2038 1356 2083 Filius
1391 2037 1580 2083 hominis
1602 2036 1679 2100 qui

304 2116 384 2160 »in
405 2113 519 2159 coelo
538 2122 612 2158 est.
638 2111 694 2155 Et
716 2110 827 2154 sicut
854 2111 1023 2172 Moyses
1048 2108 1251 2155 exaltavit
1274 2118 1514 2172 serpentem
1534 2108 1580 2152 in
1607 2106 1680 2151 de-

302 2184 494 2238 ›>serto²,
518 2183 578 2228 ita
593 2180 766 2226 exaltari
786 2190 956 2243 oportet
979 2180 1133 2225 Filium
1149 2179 1367 2232 hominis3
1394 2177 1590 2224 utomnis
1604 2176 1680 2240 qui

310 2276 330 2295 ›>
351 2254 489 2300 credit
508 2252 552 2298 in
577 2267 676 2296 eum
695 2267 780 2294 non
805 2260 950 2312 pereat
973 2286 983 2305 ,
1007 2249 1079 2294 sed
1106 2249 1268 2294 habeat
1293 2249 1424 2294 vitam
1454 2258 1672 2293 aeternam.

307 2346 327 2366 »
348 2325 420 2369 Sic
443 2323 555 2369 enim
580 2320 728 2366 dilexit
747 2321 861 2365 Deus
880 2319 1114 2373 mundum,
1145 2330 1193 2364 ut
1218 2319 1357 2365 fllium
1380 2334 1505 2364 suum
1527 2316 1679 2375 unige-

303 2418 324 2438 »
345 2396 485 2441 nitum
519 2392 644 2438 daret
659 2427 670 2447 ,
697 2401 746 2436 ut
769 2390 908 2436 omnis
933 2391 1008 2453 qui
1037 2390 1175 2437 credit
1196 2390 1242 2436 in
1268 2407 1368 2436 eum
1391 2406 1478 2436 non
1502 2397 1648 2451 pereat
1665 2422 1676 2442 ‚

558 2486 587 2507 1.
615 2490 658 2497 —
685 2470 808 2505 2Νυῐῐι.
828 2483 942 2513 xx1‚9.
