1763 2838
92 182 145 211 1111
184 180 474 211 PECCATORUM
510 179 686 208 ,1111111115
723 179 774 207 ΕΓ
811 178 1097 218 11Ε111551οΜῐ,
1138 179 1223 207 Lir..
1268 178 1335 208 111.
1379 163 1471 224 393

90 263 290 309 perversa
320 256 361 290 et
385 244 633 290 christianae
660 244 942 306 repugnantia
968 243 1165 298 veritati,
1195 243 1323 288 credo
1354 243 1472 305 quod

90 317 156 362 vir
176 316 247 361 illc
266 327 353 361 tam
373 316 536 374 egregie
564 315 836 359 Christianus
867 314 1042 359 omnino
1068 331 1155 358 non
1187 314 1355 358 sentiat.
1388 313 1471 358 Sed

91 387 182 430 fieri
216 397 388 448 potest,
432 396 481 430 ut
516 385 642 430 etiam
673 385 857 430 istorum
899 385 1184 443 argumentis,
1223 384 1299 447 qui
1323 395 1474 428 contra

90 456 257 518 peccati
283 455 505 501 traducem
530 456 719 500 sentiunt
741 491 751 508 ‚
780 454 926 500 adhuc
945 453 1122 499 fortasse
1140 455 1199 499 ita
1227 464 1469 509 moveatur,

90 536 139 571 ut
163 525 312 571 audire
332 527 399 572 vel
421 543 542 571 nosse
563 526 671 589 quid
690 536 839 571 contra
865 541 932 569 eos
958 524 1148 580 dicatur,
1176 535 1369 586 expectet
1391 541 1402 569 ε
1431 534 1473 569 et

89 596 186 641 ideo
215 596 324 660 quid
355 596 418 641 illi
443 596 618 653 dicant,
649 597 725 660 qui
748 606 897 641 contra
927 595 1096 658 peccati
1118 595 1344 640 traducem
1368 612 1469 640 sen--

89 667 205 712 tiunt
223 705 234 723 ‚
260 684 339 713 nec
362 678 501 713 tacere
526 667 664 713 voluit
681 705 690 723 ‚
713 678 759 712 ut
777 667 961 729 quaestio
977 665 1249 711 discutienda
1273 666 1470 710 insinua—

88 748 224 793 retur,
247 748 290 783 et
313 756 335 783 a
359 756 542 801 persona
559 755 632 783 sua
653 738 835 782 removit
853 774 863 786 .
888 755 940 782 ne
958 737 1045 782 hoc
1065 737 1194 782 etiam
1213 736 1303 799 ipse
1319 735 1472 781 sentire

81 807 371 867 judicaretur.

152 878 252 925 VII.
296 881 386 938 Ego
412 889 555 924 autem
581 878 658 923 etsi
684 877 873 923 refellere
900 879 1077 923 istorum
1106 887 1357 937 argumenta
1382 894 1469 922 non

87 948 251 994 valeam
271 987 280 1007 ,
304 949 429 995 video
455 960 597 995 tamen
618 949 924 995 inhaerendum
943 967 1028 994 esse
1053 950 1101 994 iis
1126 966 1224 1012 quse
1241 949 1286 993 in
1308 948 1463 1010 Scrip-

89 1020 192 1064 turis
214 1031 313 1065 sunt
338 1021 606 1083 apertissima
626 1058 636 1072 ,
658 1031 705 1065 ut
727 1038 772 1065 ex
798 1021 866 1066 his
891 1021 1131 1066 revelentur
1155 1021 1366 1071 ohscura;
1394 1029 1469 1064 aut

87 1089 119 1134 51
154 1107 272 1135 1110115
301 1091 497 1135 nondum
525 1102 586 1136 est
605 1091 760 1137 idonea
776 1129 785 1146 ‚
810 1109 909 1155 quae
934 1092 1067 1154 possit
1103 1109 1149 1136 ea
1172 1091 1237 1135 vel
1258 1090 1469 1135 demons-

88 1170 197 1205 trata
220 1178 391 1206 cernere
411 1199 421 1216 ‚
451 1162 513 1206 vel
543 1162 735 1206 abstrusa
758 1162 1012 1221 investigare
1033 1199 1042 1215 ‚
1069 1162 1157 1206 sine
1178 1161 1264 1206 ulla
1286 1161 1466 1205 haesita-

87 1231 201 1276 tione
220 1231 467 1278 credantur.
497 1232 614 1289 Quid
642 1243 783 1277 autem
810 1235 999 1295 apertius
1021 1243 1082 1277 tot
1104 1233 1316 1294 tantisque
1347 1231 1465 1275 testi—

87 1301 241 1346 moniis
290 1301 539 1348 divinorum
578 1303 848 1366 eloquiorum
876 1340 886 1358 ,
939 1304 1100 1366 quibus
1152 1302 1465 1348 dilucidissime

86 1383 298 1436 apparet,
313 1391 391 1418 nec
415 1385 576 1436 przeter
590 1374 754 1419 Christi
773 1375 1016 1419 societatem
1037 1374 1090 1419 ad
1110 1374 1242 1418 vitani
1267 1373 1467 1418 salutem-

85 1459 169 1506 que
193 1453 398 1488 aeternam
422 1461 544 1506 posse
563 1461 828 1506 quemquam
852 1445 1078 1489 hominum
1102 1444 1327 1507 pervenire
1348 1481 1358 1497 ‚
1387 1460 1464 1488 nec

86 1513 235 1558 divino
257 1513 426 1572 judicio
450 1514 606 1573 injuste
638 1532 760 1577 posse
793 1515 977 1578 aliquem
1010 1516 1235 1570 damnari,
1264 1517 1346 1560 hoc
1369 1525 1430 1559 est
1452 1550 1462 1565 ,

87 1583 142 1628 ab
177 1583 250 1628 illa
276 1583 364 1628 vita
394 1595 435 1629 et
466 1584 600 1631 salute
620 1585 838 1647 separari?
870 1585 994 1630 [nde
1019 1587 1067 1631 sit
1091 1602 1355 1649 consequens
1373 1621 1384 1638 ‚
1420 1594 1467 1629 ut

86 1654 292 1716 quoniam
329 1655 441 1700 nihil
469 1655 608 1714 agitur
633 1655 781 1709 aliud,
823 1673 922 1701 cum
959 1656 1132 1719 parvuli
1165 1657 1462 1719 baptizantur,

86 1725 166 1769 11151
191 1735 238 1769 ut
262 1725 596 1788 incorporentur
629 1726 835 1772 Ecclesiae
858 1765 867 1782 ‚
904 1727 947 1772 id
980 1738 1041 1772 est
1059 1765 1068 1781 ‚
1099 1727 1264 1772 Christi
1292 1725 1464 1789 corpori

88 1795 380 1858 membrisque
400 1796 647 1849 socientur3
675 1797 953 1843 manifestum
978 1798 1032 1843 sit
1049 1815 1118 1843 eos
1137 1797 1191 1843 ad
1218 1796 1465 1842 damnatio-

85 1883 181 1910 nem
199 1903 209 1921 ,
232 1866 311 1910 nisi
336 1867 420 1911 hoc
442 1868 499 1912 eis
526 1868 734 1913 collatum
759 1868 885 1914 fuerit
903 1906 913 1925 ‚
941 1869 1167 1931 pertinere.
1201 1870 1299 1914 Nou
1324 1879 1466 1913 autem

86 1935 282 1980 damnari
300 1948 475 1999 possent
494 1975 504 1994 ,
526 1939 557 1982 51
580 1949 809 2000 peccatum
838 1940 987 2001 utique
1011 1956 1098 1984 11011
1117 1938 1342 1984 haberent.
1370 1938 1466 1982 Hoc

85 2006 187 2068 quia
222 2005 294 2050 illa
333 2018 435 2051 aetas
465 2008 584 2052 nulla
616 2009 659 2052 in
684 2009 771 2053 vita
802 2009 983 2071 propria
1010 2008 1267 2053 contrahere
1292 2008 1465 2071 potuit,

86 2086 217 2120 restat
243 2076 477 2136 intelligere
511 2077 577 2121 vel
610 2078 641 2122 51
678 2078 763 2123 1100
801 2079 996 2124 nondum
1022 2095 1250 2141 possumus
1271 2115 1282 2133 ‚
1318 2077 1466 2123 saltem

87 2144 258 2190 credere
276 2183 286 2201 ,
313 2146 480 2191 trahere
499 2147 706 2209 parvulos
727 2148 931 2207 originale
957 2159 1199 2211 peccatum.

152 2215 275 2261 Vlll.
321 2217 382 2260 Ac
411 2233 487 2279 per
522 2217 607 2261 hoc
647 2217 679 2261 si
714 2218 907 2277 ambigui
945 2217 1108 2281 aliquid
1149 2217 1314 2262 habent
1339 2217 1470 2263 verba

88 2285 347 2347 apostolica,
384 2287 545 2349 quibus
569 2286 708 2332 dicit:
738 2310 757 2329 <c
778 2290 861 2334 Per
888 2306 1022 2334 unum
1051 2288 1272 2333 hominem
1305 2305 1467 2351 pecca-

89 2377 109 2396 »
134 2366 228 2401 tum
246 2358 426 2402 intravit
450 2359 494 2403 in
516 2359 729 2404 mundum
745 2397 754 2414 ‚
778 2371 818 2405 et
838 2378 914 2422 per
938 2370 1163 2423 peccatum
1188 2376 1301 2404 mors
1318 2396 1327 2414 ‚
1351 2359 1468 2404 etita

90 2447 110 2466 »
134 2427 176 2470 in
211 2443 359 2472 omnes
383 2427 580 2474 homines
612 2430 911 2493 pertransiit&
941 2453 959 2471 »
988 2440 1252 2493 possuntque
1279 2429 1323 2474 in
1345 2429 1473 2475 aliam

140 2511 257 2542 ¹I'toin.
283 2522 313 2551 v,
346 2522 396 2543 12.
