1763 2838
254 271 525 303 BREVICL'LUS
562 267 855 302 COLLATIONIS
893 273 986 303 CUM
1023 269 1303 305 DONATISTIS.
1413 260 1472 323 73

91 339 301 404 exemplo,
325 356 422 402 quae
455 338 562 384 duos
587 338 876 401 exploratores
902 339 946 383 in
979 339 1183 385 Jericho¹1
1201 378 1212 397 ,
1239 341 1285 386 in
1313 341 1475 404 quibus

90 412 381 471 figurarentur
407 410 494 455 duo
523 410 798 455 Testamenta
816 447 827 465 ,
852 410 982 455 Vetus
1012 421 1053 455 et
1079 411 1252 456 Novum
1270 449 1280 467 ‚
1307 412 1473 458 tradere

90 482 442 546 persecutoribus
476 480 630 526 noluit.
677 481 812 536 Quod
839 480 1016 543 quidem
1054 482 1298 546 exemplum
1323 483 1356 528 si
1390 484 1472 529 sub

90 554 175 599 hac
194 555 333 613 figura
350 563 411 598 est
436 551 763 609 intelligendum
786 589 796 608 ‚
824 552 1092 597 Mensurium
1116 553 1262 615 potius
1287 553 1473 614 adija-

89 625 180 671 bat.
209 626 260 670 In
283 624 368 669 suis
389 623 502 668 enim
537 622 688 667 litteris
721 622 965 667 Mensurius
994 622 1345 685 reprehendebat
1373 642 1470 680 eos,

90 696 167 758 qui
191 695 437 757 Scripturas
455 703 638 747 sanctas,
665 693 866 756 quamvis
890 710 958 737 eas
980 711 1066 738 non
1090 693 1330 749 traderent,
1355 712 1396 739 se
1412 706 1473 740 ta-

90 783 189 811 men
214 766 374 810 habere
394 764 661 817 faterentur3
689 761 808 826 ‹Iuod
833 763 988 808 mulier
1013 763 1088 808 illa
1117 781 1206 809 non
1232 763 1346 811 fecit.
1386 766 1476 810 Ne-

91 854 175 900 que
195 837 309 882 enim
335 852 403 881 eos
422 835 713 897 exploratores
733 836 809 897 qui
833 835 1169 897 (premebantur,
1192 835 1309 899 apud
1332 852 1373 881 se
1391 852 1477 881 esse

91 907 283 953 confessa
310 917 388 952 est.
417 905 491 951 sed
515 907 700 965 negavit.
731 906 918 968 Scripsit
941 906 1071 950 etiam
1094 905 1344 961 Secundus,
1367 904 1477 950 etad

91 995 132 1023 se
154 978 298 1041 ipsum
334 977 481 1022 missos
508 995 530 1021 a
566 979 780 1021 (juratorc
817 987 857 1020 et
898 976 1068 1021 Ordine
1105 977 1413 1021 Centurionem
1440 985 1482 1021 et

89 1049 422 1094 Beneficiarium
443 1084 453 1099 „
482 1047 557 1110 qui
580 1058 774 1110 peterent
796 1047 965 1092 divinos
999 1046 1169 1092 codices
1204 1046 1440 1092 exurendos
1466 1083 1476 1101 ,

91 1119 234 1182 eisque
255 1118 529 1182 respondisse
548 1135 557 1161 :
587 1139 606 1158 «
628 1118 906 1162 Christianus
932 1134 1025 1161 sum
1048 1127 1088 1162 et
1108 1117 1369 1180 Episcopus.
1394 1133 1480 1161 non

92 1190 338 1236 traditor.»
373 1190 428 1233 Et
464 1205 563 1233 cum
604 1188 660 1232 ab
688 1206 736 1233 eo
761 1188 923 1233 vellent
966 1188 1108 1251 aliqua
1152 1188 1302 1232 ecbola
1324 1188 1366 1242 2,
1407 1198 1481 1232 aut

90 1260 404 1324 quodcumque
439 1259 659 1320 accipere;
699 1275 838 1320 neque
870 1258 956 1303 hoc
979 1259 1037 1303 eis
1065 1258 1231 1303 dedisse
1254 1295 1263 1305 ,
1289 1257 1482 1320 exemplo

93 1332 285 1377 Eleazari
306 1330 628 1385 MacchabaeiQ
650 1330 725 1394 qui
753 1348 829 1375 nec
850 1331 1010 1389 fingere
1029 1331 1169 1375 voluit
1193 1329 1360 1374 suillam
1383 1346 1484 1374 car-

91 1421 190 1449 nem
229 1421 269 1449 se
303 1402 596 1448 manducare.
638 1419 691 1446 ne
725 1402 816 1447 aliis
858 1403 1080 1464 praeberet
1112 1401 1486 1465 praevaricationis

91 1477 350 1538 exemplum.
373 1474 454 1518 Hae
472 1473 626 1518 litterae
649 1474 853 1518 Mensurii
871 1484 910 1518 et
933 1473 1122 1519 Secundi
1142 1473 1280 1518 donec
1301 1471 1482 1531 legendo

95 1547 456 1599 terminarentur,
493 1544 713 1589 Catholici
746 1545 962 1606 patienter
994 1544 1255 1595 audierunt3
1286 1542 1485 1606 quamvis

95 1618 234 1662 testati
258 1616 419 1661 suerint
438 1631 507 1660 eas
532 1632 617 1660 esse
641 1615 871 1660 familiares
890 1652 900 1670 ‚
928 1631 1006 1660 nec
1031 1615 1085 1660 ad
1120 1631 1298 1659 causam
1328 1613 1484 1658 Eccle-

94 1688 168 1733 siae
192 1688 420 1751 pertinere.

172 1759 332 1804 XXVI.
385 1756 593 1815 Cognitor
628 1773 727 1815 ergo
770 1772 1051 1801 commonens
1094 1755 1344 1799 Donatistas
1362 1791 1372 1809 ‚
1437 1764 1485 1799 ut

94 1829 316 1891 patientiae
354 1828 492 1873 vicem
532 1826 779 1873 redderent.
812 1826 939 1885 jttssit
965 1826 1125 1888 perlegi
1151 1843 1251 1888 quae
1284 1824 1431 1870 oblata
1460 1843 1484 1869 a

97 1899 442 1957 Catholicisjaln
467 1915 513 1943 ex
546 1908 669 1960 parte
700 1897 870 1942 fuerant
897 1896 1090 1942 recitata.
1132 1897 1216 1941 Hic
1244 1895 1484 1940 Donatistae

95 1979 418 2032 poposcerunt,
460 1979 506 2013 ut
540 1968 662 2031 prius
693 1968 822 2013 etiam
857 1967 1066 2026 legeretur
1102 1966 1221 2030 quod
1265 1966 1318 2010 de
1351 1983 1478 2011 causa

96 2040 320 2085 ('aeciliani
345 2039 598 2084 offerebant.
640 2039 736 2083 Hoc
766 2054 941 2101 quoque
979 2038 1068 2082 sine
1106 2037 1193 2082 ulla
1227 2036 1482 2082 difficultate

97 2110 338 2155 Catholicis
359 2109 733 2173 permittentibus,
764 2119 805 2153 et
827 2107 1237 2153 commendantibus
1253 2123 1383 2169 quam
1406 2124 1483 2168 pa-

97 2181 252 2225 tienter
278 2181 364 2224 hoc
386 2180 703 2242 permitterent,
748 2189 794 2223 ut
820 2179 905 2222 hoc
931 2178 989 2222 eis
1005 2189 1046 2221 et
1083 2177 1142 2222 illi
1170 2176 1486 2240 rependerent3

93 2250 219 2310 jussit
240 2249 359 2313 quod
404 2249 664 2294 offerebatur
705 2248 915 2308 Cognitor
938 2247 1125 2293 recitari.
1156 2248 1210 2292 Et
1250 2247 1479 2292 recitatum

98 2332 159 2367 est
175 2339 197 2366 a
226 2320 460 2366 Donatistis
479 2321 713 2366 concilium
730 2320 863 2365 ferme
879 2319 1149 2382 septuaginta
1171 2319 1480 2381 episcoporum

149 2439 282 2471 ¹Josn'e.
303 2450 333 2468 2.
353 2455 398 2461 —
418 2437 433 2459 ²
459 2439 574 2470 Eehola
600 2439 650 2470 hic
673 2439 824 2469 (licuntur
849 2439 1068 2479 ejectamen'a,
1085 2449 1138 2469 seu
1155 2449 1203 2469 res
1223 2449 1357 2479 quarum
1381 2438 1484 2468 nullus

98 2498 147 2525 est
165 2503 250 2524 usus.
270 2495 340 2523 Huc
356 2493 493 2533 pertinet
511 2492 588 2522 illud
614 2492 739 2534 Sylvcni
757 2491 788 2522 in
805 2491 891 2522 Acti<
910 2501 1001 2531 snpra
1021 2490 1120 2520 citatis
1137 2490 1192 2523 til).
1216 2493 1246 2522 3,
1264 2497 1372 2522 contra
1393 2492 1485 2521 eres-

101 2546 226 2578 conium
245 2557 313 2589 cap.
333 2557 388 2587 29.
418 2546 510 2576 Nihil
530 2546 580 2576 lzic
607 2546 762 2576 remansit
777 2569 784 2579 ,
813 2553 912 2575 totum
942 2544 999 2574 lwc
1017 2543 1175 2584 ejecimus.
1197 2563 1239 2568 —
1268 2542 1282 2566 3
1303 2557 1318 2575 ’.ι
1352 2542 1478 2575 Macch.

105 2612 159 2638 xx,
194 2607 248 2636 25.
