1763 2838
235 141 296 186 80
658 130 707 185 s.‘
736 153 980 186 AUGUSTINI
1016 153 1220 187 EPISCOPI

236 223 360 267 Tunc
383 220 623 266 Donatistae
644 219 921 282 protulerunt
943 221 1184 284 Martyrum
1207 233 1320 282 gesta
1337 261 1347 280 ‚
1373 223 1451 269 ubi
1472 223 1609 271 auditi

235 302 276 337 et
299 308 379 354 pro
406 290 668 336 confessione
688 290 800 352 passi
816 302 930 337 sunt.
961 292 1237 338 Δηὼ-1161111111
1258 294 1467 353 Cognitor
1483 311 1608 340 com-

236 372 390 424 putare
424 361 629 406 Officium
653 397 663 414 ,
700 371 740 405 et
782 361 1028 406 renuntiare
1067 363 1344 408 consideratis
1387 365 1609 427 utriusque

235 432 489 478 consulibus
511 443 552 476 et
572 431 751 486 diebus,
777 442 817 476 et
842 432 917 494 qui
946 431 997 477 de
1018 433 1204 479 concilio
1230 434 1412 479 Cirtensi
1432 471 1444 490 ,
1471 435 1610 497 etqui

236 503 289 548 de
312 503 436 562 gestis
470 506 713 564 Martyrum
754 502 1009 562 legebantur
1041 520 1051 547 :
1092 506 1192 566 quia
1217 505 1384 549 dictum
1423 504 1564 549 suerat
1587 522 1611 550 a

238 573 476 618 Catholicis
495 609 505 627 ‚
531 582 628 634 post
646 571 819 616 illorum
841 573 1081 635 Martyrum
1104 574 1341 635 passionem
1360 609 1369 629 ‚
1389 573 1503 619 unde
1515 591 1610 637 per-

237 642 465 688 secutionis
481 653 652 704 tempus
677 642 950 704 probabatur
965 680 975 695 ,
1000 660 1139 705 prope
1155 660 1312 689 annum
1333 655 1610 689 consecutum

235 711 363 758 fuisse
388 729 522 775 usque
541 712 594 757 ad
614 711 833 757 consulem
858 723 899 757 et
923 713 1036 757 diem
1059 714 1234 759 concilii
1260 714 1482 759 Cirtensis,
1508 714 1611 758 Res-

238 784 392 846 ponsio
413 794 554 828 autem
566 783 862 845 computantis
887 784 1031 828 Ossicii
1048 801 1232 829 mensem
1254 784 1492 829 interfuisse
1510 800 1607 843 sug-

239 863 433 911 gesserat.
461 852 701 897 Voluerunt
734 869 833 910 ergo
862 852 1081 897 Catholici
1118 853 1170 898 de
1192 854 1351 898 tabulis
1375 852 1468 897 tolli
1491 851 1613 915 quod

236 922 453 973 dixerant,
472 932 521 966 ut
537 921 621 965 hoc
635 921 773 966 solum
790 932 901 980 gesta
920 924 1152 967 retinerent
1166 923 1286 985 quod
1308 922 1511 967 Officium
1531 938 1614 966 res-

237 992 479 1056 ponderat3
506 992 592 1036 hoc
617 993 729 1037 enim
750 993 891 1037 verius
914 1010 999 1038 esse
1023 994 1310 1041 crediderant.
1347 994 1429 1039 Sed
1460 996 1614 1038 Dona-

238 1064 349 1110 tistae
364 1101 374 1119 ‚
393 1062 512 1126 quod
529 1063 801 1108 acatholicis
815 1063 982 1108 dictum
1002 1075 1114 1116 erat,
1141 1066 1375 1110 noluerunt
1387 1064 1441 1109 de
1456 1063 1615 1108 tabulis

239 1134 333 1179 tolli
356 1133 471 1178 unde
495 1132 716 1178 Catholici
741 1150 828 1177 non
849 1133 1190 1190 contenderunt,
1215 1145 1264 1180 ut
1284 1151 1431 1180 eorum
1460 1133 1506 1178 in
1527 1133 1615 1178 hoc

240 1205 530 1251 calumniosus
563 1204 730 1249 animus
765 1215 1005 1266 appareret.
1049 1208 1183 1251 Porro
1224 1216 1366 1251 autem
1392 1204 1501 1250 illud
1525 1214 1617 1249 erat

240 1276 382 1323 verius
405 1275 524 1338 quod
545 1274 764 1320 Catholici
783 1274 1004 1328 dixerant3
1032 1275 1238 1321 Officium
1260 1287 1400 1321 autem
1427 1276 1472 1320 in
1492 1291 1617 1320 com-

238 1345 435 1409 putando
459 1362 601 1390 errans
624 1343 780 1389 falsum
805 1345 1153 1401 renuntiaverat,
1188 1346 1305 1408 quod
1329 1355 1477 1408 postea
1507 1360 1618 1390 con-

238 1417 401 1478 scripta
438 1426 479 1460 et
512 1415 759 1473 diligentius
783 1414 1051 1459 considerata
1075 1426 1187 1474 gesta
1219 1415 1483 1470 docuerunt,
1507 1414 1619 1458 sicut

240 1497 380 1550 potest
405 1486 619 1548 probare,
654 1502 781 1547 quem
820 1484 998 1530 libuerit
1032 1485 1195 1544 legere,
1231 1497 1274 1531 et
1308 1503 1395 1530 non
1431 1483 1621 1547 piguerit

243 1567 511 1620 computare.
544 1557 653 1600 Nam
689 1565 803 1614 gesta
838 1556 1084 1617 Martyrum
1117 1557 1277 1619 quibus
1312 1555 1620 1601 ostendebatur

239 1639 411 1690 tempus
436 1626 769 1689 persecutionis,
804 1625 1058 1670 consulibus
1083 1625 1191 1671 facta
1224 1636 1323 1670 sunt
1350 1624 1619 1669 Diocletiano

239 1700 412 1753 novies,
453 1708 495 1742 et
528 1695 789 1740 Maximiano
825 1695 981 1751 octies,
1013 1695 1154 1758 pridie
1196 1695 1300 1740 Idus
1338 1694 1639 1747 Februarias;¹

242 1780 355 1829 gesta
376 1778 517 1813 autem
539 1766 803 1829 episcopalia
829 1764 990 1810 decreti
1024 1766 1232 1811 Cirtensis
1255 1776 1354 1828 post
1370 1764 1620 1811 eorumdem

243 1839 535 1894 consulatum,
568 1838 692 1882 tertio
724 1838 868 1881 Nonas
892 1836 1067 1881 Martias
1093 1855 1102 1881 :
1131 1854 1181 1881 ac
1206 1853 1283 1899 per
1302 1837 1387 1882 hoc
1414 1835 1619 1881 tredecim

242 1927 406 1956 menses
428 1910 626 1954 interesse
655 1908 952 1960 inveniuntur,
981 1906 1127 1969 plures
1151 1908 1300 1969 utique
1320 1924 1449 1970 quam
1476 1905 1619 1951 unde-

242 1981 325 2026 cim
344 2017 353 2035 ,
374 1978 505 2043 quos1
525 1979 648 2041 prius
669 1976 889 2021 Catholici
910 1977 1050 2021 minus
1072 1977 1299 2035 diligenter
1320 1975 1619 2039 computando

243 2050 555 2114 responderant
578 2068 587 2094 ε
611 2048 682 2094 sed
700 2047 906 2092 Officium
931 2058 978 2091 ut
994 2047 1212 2092 falleretur
1229 2058 1267 2092 et
1285 2064 1471 2092 mensem
1490 2047 1619 2092 inter-

242 2139 327 2167 esse
340 2119 643 2182 responderet,
663 2117 860 2163 eumdem
882 2118 1155 2162 consulatum
1177 2118 1370 2180 putavit,
1388 2127 1488 2179 post
1511 2134 1620 2162 con-

241 2192 426 2237 sulatum
445 2201 586 2234 autem
602 2207 689 2233 non
709 2188 909 2242 advertit,
928 2188 1004 2232 uhi
1022 2192 1258 2247 annusjam
1274 2188 1379 2232 alius
1392 2187 1611 2246 agebatur.

241 2261 429 2308 Pioinde
468 2259 687 2304 Catholici
722 2269 929 2319 tanquam
967 2276 1012 2302 ex
1036 2276 1134 2303 xera
1164 2258 1312 2303 officii
1345 2258 1619 2320 responsione

237 2334 504 2393 cogebantur
523 2329 747 2375 ostendere
766 2339 959 2390 tempore
979 2346 1002 2390 p
1007 2329 1284 2373 ersecutionis
1304 2328 1397 2373 illos
1416 2327 1617 2372 undecim

237 2404 303 2451 vel
333 2402 564 2450 duodecim
596 2400 822 2464 episcopos
845 2398 889 2444 111
920 2399 1099 2444 domum
1133 2400 1350 2461 privatam
1386 2398 1615 2444 convenire

287 2488 297 2511 ¹
316 2490 408 2520 Forte
427 2491 516 2528 quot.
