1763 2838
249 150 306 181 22
669 149 702 179 S.
746 147 990 180 AUGUSTINI
1026 149 1228 181 EPISCOPI

250 214 365 281 perit
388 213 711 261 multitudinem
735 224 1027 278 peccatorum.
1059 215 1130 260 Sic
1155 231 1342 279 namque
1362 215 1624 262 ambulanti-

251 287 336 333 bus
365 288 411 333 in
441 286 646 332 Ecclesiae
676 287 875 340 veritate,
910 286 954 331 in
978 303 1107 349 quam
1149 297 1447 349 pervenerant,
1482 288 1628 350 potuit

253 359 387 413 Deus,
411 358 523 402 sicut
550 356 781 420 Apostolus
801 356 907 401 dicit
924 355 962 413 1,
989 357 1032 402 id
1054 357 1135 402 illis
1155 357 1341 403 revelare
1368 357 1487 422 quod
1507 357 1628 403 aliter

257 428 498 490 sapiebant.
526 428 647 474 Nova
665 428 779 472 enim
797 438 901 472 tunc
926 427 1107 490 quaestio
1129 427 1230 482 suit,
1259 427 1631 491 quemadmodum

253 497 517 561 suscipiendi
541 509 676 543 essent
702 498 913 555 hzeretici‚
941 514 1041 561 quae
1060 498 1290 543 nonnullos
1310 497 1461 543 fratres
1483 499 1631 545 haere-

256 569 387 614 ticam
404 568 640 631 perniciem
660 569 934 614 vehementer
946 568 1096 614 merito
1114 568 1385 625 detestantes,
1403 569 1494 632 ipsa
1510 567 1632 614 novi-

259 650 346 685 tate
361 640 572 695 turbavit‚
588 650 636 684 ut
653 638 877 685 crederent
896 639 981 684 1100
1002 640 1127 684 etiam
1147 640 1191 684 in
1211 639 1268 684 eis
1282 657 1366 684 esse
1382 639 1634 702 improban-

259 710 385 766 dum,
408 710 529 773 quod
552 710 664 755 malo
690 727 765 755 suo
791 711 995 756 tenebant
1038 712 1221 757 bonum.
1269 712 1358 770 Ego
1408 721 1549 755 autem
1587 719 1636 756 ut

259 782 380 846 quod
397 782 449 827 de
467 782 550 827 hac
570 799 613 826 re
641 782 775 827 sentio
800 783 989 827 breviter
1013 782 1175 835 dicam,
1205 782 1470 845 rebaptizare
1490 781 1636 827 111010-

263 854 387 907 ticos,
409 852 529 915 quod
547 852 610 897 illi
636 852 781 898 fecisse
795 853 1019 908 dicuntur,
1040 853 1239 898 tuncfuit
1257 853 1438 897 humani
1456 852 1634 905 erroris;

266 922 536 985 rebaptizare
573 934 716 967 autem
750 924 1007 979 catholicos,
1048 923 1166 986 quod
1193 923 1337 968 adhuc
1357 923 1427 968 isti
1451 922 1634 978 faciunt,

263 1010 432 1055 semper
451 1003 513 1037 est
531 992 764 1038 diabolicae
790 994 1156 1056 praesumptionis.

328 1064 495 1111 XXIII.
526 1063 609 1109 Sed
628 1063 724 1109 volo
740 1064 848 1109 mihi
867 1064 1002 1109 solvat
1016 1065 1092 1109 iste
1109 1064 1391 1126 quaestionem
1412 1082 1422 1109 t
1444 1063 1642 1127 quando-

268 1134 447 1197 quidem
471 1151 573 1180 cum
596 1135 809 1180 Romanae
837 1134 1028 1179 ecclesiae
1052 1152 1129 1195 per
1159 1134 1351 1179 ordinem
1372 1150 1642 1180 commemo-

267 1214 382 1249 raret
401 1204 628 1267 episcopos
644 1241 655 1260 ,
682 1205 793 1249 inter
820 1222 890 1250 eos
913 1205 1269 1250 commemoravit
1294 1215 1335 1249 et
1371 1204 1643 1268 Stephanum

268 1290 377 1337 quos
408 1273 709 1336 episcopatum
740 1273 959 1319 illibatum
990 1274 1159 1334 gessisse
1184 1274 1400 1320 consessus
1418 1285 1493 1320 est.
1531 1274 1643 1320 Cum

273 1360 373 1403 ergo
411 1344 661 1406 Stephanus
692 1361 780 1389 non
805 1343 943 1389 solum
967 1362 1053 1389 non
1079 1345 1366 1407 rebaptizaret
1387 1344 1613 1390 haereticos
1631 1381 1641 1400 ‚

271 1431 422 1461 verum
446 1415 574 1460 etiam
591 1414 677 1460 1100
700 1414 903 1460 facientes
921 1452 931 1470 ‚
953 1415 1020 1461 Vel
1042 1426 1089 1460 ut
1110 1415 1228 1460 fieret
1247 1415 1521 1461 decernentes
1539 1452 1550 1469 ‚
1573 1432 1646 1459 ex-

272 1485 657 1532 communicandos
675 1503 760 1531 esse
775 1497 964 1531 censeret
980 1524 988 1541 ,
1014 1487 1124 1531 sicut
1142 1486 1323 1532 alioruin
1344 1487 1646 1550 episcoporum

274 1567 316 1602 et
339 1557 474 1618 ipsius
503 1557 714 1619 Cypriani
734 1557 888 1601 litierae
912 1557 1144 1601 ostendunt
1160 1593 1170 1611 ‚
1200 1567 1342 1601 tamen
1370 1574 1470 1602 cum
1488 1574 1536 1602 eo
1563 1558 1648 1618 Cy-

274 1628 454 1691 prianus
469 1628 513 1672 in
526 1628 703 1672 unitatis
719 1644 824 1689 pace
844 1628 1094 1689 permansit.
1116 1627 1233 1682 Quid
1252 1627 1326 1673 1110
1341 1628 1501 1672 dicturi
1516 1629 1647 1672 sunt?

276 1698 507 1743 Excutiant
522 1697 690 1756 ingenia
710 1714 781 1742 sua
798 1708 1012 1760 quantum
1034 1708 1240 1760 possunt,
1267 1709 1306 1743 et
1322 1709 1467 1743 utrum
1481 1697 1651 1743 valeant

277 1767 535 1831 respondere
559 1766 843 1813 considerent.
877 1769 989 1813 Ecce
1007 1767 1095 1812 duo
1114 1778 1235 1812 erant
1256 1785 1340 1813 uno
1361 1780 1553 1832 tempore
1569 1805 1580 1823 ,
1604 1777 1653 1812 ut

282 1839 335 1885 de
356 1839 447 1884 aliis
474 1849 662 1894 taceam,
683 1838 758 1901 qui
783 1838 947 1883 divorsa
972 1838 1213 1884 sentiebant
1241 1858 1251 1884 ι
1281 1839 1367 1885 duo
1392 1851 1513 1885 erant
1543 1838 1653 1884 emi-

278 1910 626 1956 nentissimarum
645 1909 940 1964 ecclesiarum,
968 1911 1178 1956 Romame
1198 1909 1653 1969 scilicetetCarthagi-

279 1981 454 2035 niensis,
469 1980 681 2042 episcopi,
711 1980 960 2042 Stephanus
979 1990 1019 2025 et
1044 1981 1309 2043 Cyprianus,
1332 1981 1461 2025 ambo
1484 1980 1525 2024 in
1552 1980 1656 2024 uni-

281 2062 368 2097 tate
388 2049 606 2095 catholica
628 2050 851 2095 constituti
875 2068 883 2094 :
906 2068 1094 2114 quorum
1116 2051 1363 2113 Stephanus
1387 2051 1654 2113 baptismum

286 2121 452 2166 Christi
476 2121 519 2165 in
540 2121 660 2165 nullo
683 2121 925 2166 iterandum
946 2139 1030 2167 esse
1047 2122 1269 2177 censebat,
1291 2132 1330 2166 et
1350 2121 1436 2166 hoc
1456 2120 1656 2166 facienti—

287 2191 370 2236 bus
391 2190 574 2250 graviter
597 2190 891 2236 succensebat.
920 2192 1164 2253 Cyprianus
1189 2202 1331 2236 autem
1352 2191 1395 2235 in
1416 2190 1570 2235 haeresi
1590 2188 1657 2233 vel

286 2262 517 2307 schismate
539 2260 781 2322 baptizatos
797 2297 807 2315 ‚
838 2271 1041 2322 tauquam
1058 2278 1143 2305 non
1160 2261 1366 2305 hahentes
1390 2260 1656 2323 baptismum

290 2332 487 2385 Christi,
511 2330 798 2393 baptizandos
832 2331 876 2375 in
915 2331 1100 2376 Ecclesia
1123 2332 1338 2376 catholica
1366 2331 1649 2376 existimabat.

290 2402 421 2448 Multi
443 2418 543 2446 cum
564 2401 638 2446 illo
654 2438 664 2457 ‚
683 2400 861 2465 quidam
889 2418 988 2446 cuin
1007 2401 1086 2446 isto
1110 2402 1237 2446 etiam
1263 2400 1526 2453 sentiebant,
1550 2400 1660 2446 utri-

338 2485 349 2507 ¹
367 2484 483 2526 Philip.
505 2496 556 2524 ιιι,
581 2485 630 2513 15.
