1763 2838
250 181 312 239 48
672 194 707 225 S.
751 192 996 225 AUGUSTINI
1031 194 1234 226 131¹1scoi³1

252 258 679 323 interpositionibus,
708 269 749 304 et
787 259 968 306 aliarum
999 260 1412 324 interponendarum
1445 262 1623 327 inquisi-

253 331 473 384 tionibus,
509 330 555 376 id
586 331 731 393 potius
765 341 959 390 ageretur
985 331 1104 395 quod
1131 350 1178 378 ea
1212 332 1452 379 Collatione
1479 335 1544 393 agi
1569 334 1623 379 ab

251 406 518 466 Imperatore
539 410 813 464 praeceptum
834 412 918 458 est,
943 419 1071 465 quam
1109 413 1149 448 et
1182 403 1362 467 petitam
1394 404 1450 450 ab
1482 404 1556 450 illo
1583 414 1626 451 et

251 489 497 520 concessam
521 488 605 516 esse
631 472 875 518 constabat.

317 545 401 590 ΠΙ.
443 544 560 587 Inter
575 541 673 587 haec
697 542 822 587 etiam
838 542 891 587 de
908 542 1127 589 catholico
1150 544 1324 589 nomine
1342 582 1353 600 ,
1378 544 1497 608 apud
1518 562 1627 608 quos

252 616 399 681 potius
418 623 545 668 esset,
567 629 708 676 pauca
729 614 783 658 ab
805 623 988 676 utraque
1006 624 1128 676 parte
1144 614 1328 660 invicem
1355 615 1472 661 dicta
1492 626 1533 661 et
1550 616 1628 661 ob-

247 692 362 748 jecta
377 695 494 739 sunt,
512 693 553 728 et
564 686 730 742 jussum
751 694 812 728 est
828 684 1063 747 principali
1078 702 1219 730 causae
1235 686 1381 748 potius
1400 686 1620 733 reservari.

256 759 312 804 Et
330 767 429 820 post
446 753 910 817 aliquantaidentidem
931 792 941 811 ,
963 772 1062 800 cum
1083 756 1291 802 catholici
1309 757 1495 802 nominis
1514 756 1628 802 facta

253 827 473 874 mentione
491 825 683 869 dicerent
709 825 949 870 Donatistae
973 825 1091 888 apud
1120 844 1160 872 se
1180 826 1327 889 potius
1351 843 1437 872 esse
1458 827 1629 872 Catho-

252 899 407 952 licam;
438 895 723 941 interlocutus
757 907 819 941 est
850 896 1073 956 Cognitor‚
1099 914 1140 942 se
1163 897 1335 942 interim
1373 897 1462 942 sine
1489 901 1628 957 cujus-

253 986 386 1034 quam
410 965 671 1031 praejudicio
694 984 782 1011 non
802 984 924 1029 posse
952 967 1074 1012 aliter
1096 967 1316 1030 appellare
1343 967 1597 1014 Catholicos
1615 1006 1626 1023 ,

255 1056 385 1103 quam
404 1054 474 1083 eos
492 1035 730 1099 appellavit
751 1037 1008 1099 Imperator,
1030 1055 1050 1082 a
1064 1054 1150 1099 quo
1166 1038 1375 1097 (lognitor
1394 1037 1519 1083 datus
1533 1048 1595 1083 est
1615 1055 1627 1082 ε

252 1110 349 1157 illos
367 1118 510 1154 autem
530 1116 692 1168 quanto
704 1106 837 1165 magis
851 1123 891 1151 se
910 1123 996 1151 esse
1014 1106 1491 1163 Catholicos‘dicerent,
1506 1117 1630 1155 tanto

255 1179 391 1239 magis
416 1182 508 1237 jam
528 1192 699 1221 causam
726 1175 863 1238 ipsam
893 1176 1068 1220 remotis
1091 1193 1310 1221 morarum
1333 1176 1630 1239 interpositio-

255 1251 386 1297 nibus
407 1264 527 1308 agere
545 1246 702 1291 dehere
719 1282 729 1300 ,
751 1246 795 1289 in
814 1262 901 1308 qua
923 1246 1109 1308 probare
1128 1257 1302 1308 possent
1324 1263 1365 1291 se
1383 1247 1529 1309 potius
1547 1263 1633 1292 esse

260 1320 523 1368 Catholicos.
545 1318 629 1362 Hic
657 1317 897 1361 Donatista?
917 1327 1018 1378 post
1039 1327 1178 1361 tantas
1204 1334 1343 1362 moras
1366 1328 1406 1362 et
1428 1318 1633 1362 totinter-

258 1391 498 1438 locutiones
531 1387 774 1446 Cognitoris
808 1397 959 1431 contra
995 1404 1064 1431 eos
1098 1387 1316 1449 prolatas,
1357 1388 1559 1447 exigentis
1584 1397 1634 1433 ut

260 1480 388 1509 causa
414 1461 559 1524 potius
592 1468 802 1517 ageretur,
829 1469 956 1520 atque
979 1458 1171 1502 testantis
1198 1457 1250 1502 de
1274 1458 1513 1517 legatorum
1535 1475 1634 1521 per-

260 1534 372 1580 sonis
388 1571 398 1588 ,
422 1532 490 1579 vel
524 1529 729 1575 mandato
755 1529 872 1591 quod
893 1529 950 1573 eis
980 1529 1225 1587 injunctum
1248 1539 1332 1583 est,
1356 1546 1434 1574 nec
1454 1528 1507 1573 ad
1526 1545 1633 1574 cau-

261 1622 350 1651 sam
371 1601 535 1665 aliquid
552 1600 766 1662 pertinere
783 1636 793 1653 ‚
816 1616 894 1643 nec
912 1598 995 1642 sibi
1017 1598 1179 1659 aliquid
1207 1608 1253 1643 ut
1280 1598 1385 1642 hinc
1400 1599 1634 1661 requireret

258 1676 385 1722 fuisse
404 1681 676 1737 praeceptum
703 1687 712 1713 ε
738 1669 937 1714 dixerunt
955 1678 1002 1713 ut
1024 1669 1054 1712 si
1081 1668 1125 1712 in
1148 1668 1297 1727 legatis
1313 1705 1323 1722 ,
1350 1668 1417 1713 vel
1429 1669 1633 1714 mandato

260 1746 379 1811 quod
403 1744 460 1790 eis
493 1742 643 1788 datum
683 1751 743 1785 est
773 1738 1116 1794 manifestando,
1146 1738 1381 1783 noluissent
1417 1739 1635 1785 Catholici

260 1818 561 1879 obtemperare
580 1810 786 1873 judicatis
804 1847 813 1865 ‚
836 1810 984 1855 saltem
1010 1810 1095 1854 hoc
1124 1808 1456 1871 responderent,
1487 1820 1634 1854 utrum

260 1888 356 1934 loco
379 1886 612 1951 petitorum
632 1882 911 1927 consisterent
934 1898 943 1924 ε
975 1880 1163 1925 multum
1190 1879 1448 1924 mirantibus
1470 1880 1633 1925 Catho-

259 1961 354 2006 licis
370 1996 379 2014 ,
410 1975 487 2003 cur
512 1973 580 2000 eos
610 1953 851 1999 Donatistae
876 1952 1099 2006 dixerunt,
1135 1951 1179 1995 in
1203 1949 1370 1995 edendo
1394 1950 1635 2009 legatorum

259 2029 465 2077 mandato
491 2044 578 2071 non
602 2040 751 2087 parere
771 2022 1000 2081 judicatis;
1025 2038 1123 2065 cuin
1159 2021 1304 2083 potius
1336 2030 1486 2064 contra
1518 2021 1635 2082 ipsos

263 2112 348 2146 tam
382 2097 531 2144 multis
570 2093 978 2141 interlocutionibus
1010 2091 1217 2150 Cognitor
1250 2090 1627 2153 pronuntiaverat.

260 2173 640 2227 Interrogaverunt
657 2181 755 2223 ergo
783 2161 1028 2217 Catholici,
1047 2160 1422 2224 quibusjudicatis
1447 2177 1533 2205 non
1552 2177 1634 2223 pa·-

257 2240 435 2287 ruerint.
465 2239 520 2282 Et
547 2234 782 2280 Donatistis
816 2232 869 2276 ad
896 2232 981 2276 hoc
1016 2249 1103 2275 non
1144 2229 1536 2292 respondentibus,
1570 2230 1634 2275 in-

256 2311 492 2357 terlocutus
514 2316 576 2352 est
597 2303 825 2363 Cognitor‚
863 2300 915 2345 ad
947 2301 1053 2345 illud
1077 2300 1195 2362 quod
1228 2300 1280 2345 de
1308 2300 1405 2346 loco
1438 2300 1633 2362 petitoris

256 2378 495 2428 Donatistae
519 2375 802 2439 quaesierant,
841 2370 1062 2415 Catholici
1097 2370 1417 2432 responderent.
1450 2371 1505 2414 Et
1540 2387 1632 2415 res-

250 2451 501 2517 ponderunt
541 2463 582 2492 se
619 2446 705 2490 hoc
739 2458 1008 2506 proponere,
1050 2451 1097 2486 ut
1132 2441 1312 2486 crimina
1345 2456 1446 2503 quae
1491 2440 1630 2486 solent

250 2521 492 2572 Donatistae
525 2514 826 2567 communioni
865 2530 1015 2562 corum
1043 2513 1230 2574 objicere
1263 2511 1332 2561 vel
1365 2511 1627 2575 probentur,
