<?xml version="1.0" encoding="UTF-8"?>
<!DOCTYPE html PUBLIC "-//W3C//DTD XHTML 1.0 Transitional//EN"
    "http://www.w3.org/TR/xhtml1/DTD/xhtml1-transitional.dtd">
<html xmlns="http://www.w3.org/1999/xhtml" xml:lang="en" lang="en">
 <head>
  <title>
</title>
<meta http-equiv="Content-Type" content="text/html;charset=utf-8" />
  <meta name='ocr-system' content='tesseract 3.04.00' />
  <meta name='ocr-capabilities' content='ocr_page ocr_carea ocr_par ocr_line ocrx_word'/>
</head>
<body>
  <div class='ocr_page' id='page_1' title='image "./operaomniaaccura33auguuoft_0075.png"; bbox 0 0 1763 2838; ppageno 0'>
   <div class='ocr_carea' id='block_1_1' title="bbox 212 208 1419 254">
    <p class='ocr_par' dir='ltr' id='par_1_1' title="bbox 212 208 1419 254">
     <span class='ocr_line' id='line_1_1' title="bbox 212 208 1419 254; baseline 0.005 -6"><span class='ocrx_word' id='word_1_1' title='bbox 212 214 484 248; x_wconf 75' lang='lat' dir='ltr'>BREVICULus</span> <span class='ocrx_word' id='word_1_2' title='bbox 519 214 810 247; x_wconf 75' lang='lat' dir='ltr'>COLLATIONIS</span> <span class='ocrx_word' id='word_1_3' title='bbox 847 218 936 250; x_wconf 72' lang='lat' dir='ltr'>cun</span> <span class='ocrx_word' id='word_1_4' title='bbox 973 219 1250 253; x_wconf 60' lang='lat' dir='ltr'>noxaris&#39;ris.</span> <span class='ocrx_word' id='word_1_5' title='bbox 1359 208 1419 254; x_wconf 86' lang='grc'>65</span> 
     </span>
    </p>
   </div>
   <div class='ocr_carea' id='block_1_2' title="bbox 48 282 1458 2542">
    <p class='ocr_par' dir='ltr' id='par_1_2' title="bbox 48 282 1450 1692">
     <span class='ocr_line' id='line_1_2' title="bbox 48 282 1424 353; baseline 0.003 -22"><span class='ocrx_word' id='word_1_6' title='bbox 48 284 357 350; x_wconf 84' lang='lat' dir='ltr'>portunissimo</span> <span class='ocrx_word' id='word_1_7' title='bbox 380 282 477 329; x_wconf 88' lang='lat' dir='ltr'>loco</span> <span class='ocrx_word' id='word_1_8' title='bbox 496 299 749 345; x_wconf 84' lang='lat' dir='ltr'>responsum</span> <span class='ocrx_word' id='word_1_9' title='bbox 769 296 830 330; x_wconf 87' lang='lat' dir='ltr'>est</span> <span class='ocrx_word' id='word_1_10' title='bbox 853 287 1088 332; x_wconf 78' lang='lat' dir='ltr'>Donatistis</span> <span class='ocrx_word' id='word_1_11' title='bbox 1105 287 1160 333; x_wconf 87' lang='lat' dir='ltr'>ad</span> <span class='ocrx_word' id='word_1_12' title='bbox 1178 288 1287 334; x_wconf 90' lang='lat' dir='ltr'>illud</span> <span class='ocrx_word' id='word_1_13' title='bbox 1304 289 1424 353; x_wconf 87' lang='lat' dir='ltr'>quod</span> 
     </span>
     <span class='ocr_line' id='line_1_3' title="bbox 50 356 1425 423; baseline 0.003 -21"><span class='ocrx_word' id='word_1_14' title='bbox 50 356 260 413; x_wconf 76' lang='lat' dir='ltr'>dixerant,</span> <span class='ocrx_word' id='word_1_15' title='bbox 277 371 377 401; x_wconf 89' lang='lat' dir='ltr'>cum</span> <span class='ocrx_word' id='word_1_16' title='bbox 395 371 466 400; x_wconf 87' lang='lat' dir='ltr'>eos</span> <span class='ocrx_word' id='word_1_17' title='bbox 487 365 651 417; x_wconf 87' lang='lat' dir='ltr'>peteret</span> <span class='ocrx_word' id='word_1_18' title='bbox 673 356 884 416; x_wconf 81' lang='lat' dir='ltr'>Cognitor</span> <span class='ocrx_word' id='word_1_19' title='bbox 907 368 955 402; x_wconf 88' lang='lat' dir='ltr'>ut</span> <span class='ocrx_word' id='word_1_20' title='bbox 973 358 1186 415; x_wconf 70' lang='lat' dir='ltr'>sederent,</span> <span class='ocrx_word' id='word_1_21' title='bbox 1210 361 1425 423; x_wconf 88' lang='lat' dir='ltr'>scriptum</span> 
     </span>
     <span class='ocr_line' id='line_1_4' title="bbox 49 425 1427 482; baseline 0.004 -10"><span class='ocrx_word' id='word_1_22' title='bbox 49 427 133 473; x_wconf 89' lang='lat' dir='ltr'>sibi</span> <span class='ocrx_word' id='word_1_23' title='bbox 151 443 262 482; x_wconf 80' lang='lat' dir='ltr'>esse,</span> <span class='ocrx_word' id='word_1_24' title='bbox 291 436 340 471; x_wconf 93' lang='lat' dir='ltr'>ut</span> <span class='ocrx_word' id='word_1_25' title='bbox 357 442 457 472; x_wconf 89' lang='lat' dir='ltr'>cum</span> <span class='ocrx_word' id='word_1_26' title='bbox 481 425 641 471; x_wconf 81' lang='lat' dir='ltr'>talibus</span> <span class='ocrx_word' id='word_1_27' title='bbox 669 444 757 473; x_wconf 86' lang='lat' dir='ltr'>non</span> <span class='ocrx_word' id='word_1_28' title='bbox 783 427 991 475; x_wconf 88' lang='lat' dir='ltr'>sederent.</span> <span class='ocrx_word' id='word_1_29' title='bbox 1020 430 1198 476; x_wconf 86' lang='lat' dir='ltr'>Dictum</span> <span class='ocrx_word' id='word_1_30' title='bbox 1222 442 1284 476; x_wconf 87' lang='lat' dir='ltr'>est</span> <span class='ocrx_word' id='word_1_31' title='bbox 1311 432 1427 479; x_wconf 91' lang='lat' dir='ltr'>enim</span> 
     </span>
     <span class='ocr_line' id='line_1_5' title="bbox 52 497 1430 563; baseline 0.004 -19"><span class='ocrx_word' id='word_1_32' title='bbox 52 517 75 545; x_wconf 85' lang='lat' dir='ltr'>a</span> <span class='ocrx_word' id='word_1_33' title='bbox 100 497 357 553; x_wconf 82' lang='lat' dir='ltr'>Catholicis,</span> <span class='ocrx_word' id='word_1_34' title='bbox 383 514 482 543; x_wconf 93' lang='lat' dir='ltr'>cum</span> <span class='ocrx_word' id='word_1_35' title='bbox 517 513 667 543; x_wconf 87' lang='lat' dir='ltr'>eorum</span> <span class='ocrx_word' id='word_1_36' title='bbox 700 498 853 544; x_wconf 90' lang='lat' dir='ltr'>litteris</span> <span class='ocrx_word' id='word_1_37' title='bbox 886 501 1224 563; x_wconf 80' lang='lat' dir='ltr'><strong>responderent,</strong></span> <span class='ocrx_word' id='word_1_38' title='bbox 1257 520 1343 548; x_wconf 92' lang='lat' dir='ltr'>non</span> <span class='ocrx_word' id='word_1_39' title='bbox 1369 503 1430 549; x_wconf 90' lang='lat' dir='ltr'>sic</span> 
     </span>
     <span class='ocr_line' id='line_1_6' title="bbox 51 567 1428 635; baseline 0.003 -21"><span class='ocrx_word' id='word_1_40' title='bbox 51 567 377 628; x_wconf 85' lang='lat' dir='ltr'>intelligendam</span> <span class='ocrx_word' id='word_1_41' title='bbox 409 584 494 613; x_wconf 87' lang='lat' dir='ltr'>esse</span> <span class='ocrx_word' id='word_1_42' title='bbox 526 567 841 630; x_wconf 79' lang='lat' dir='ltr'>separationem</span> <span class='ocrx_word' id='word_1_43' title='bbox 871 587 894 614; x_wconf 86' lang='lat' dir='ltr'>a</span> <span class='ocrx_word' id='word_1_44' title='bbox 920 570 1043 615; x_wconf 87' lang='lat' dir='ltr'>malis</span> <span class='ocrx_word' id='word_1_45' title='bbox 1080 571 1166 617; x_wconf 84' lang='lat' dir='ltr'>hoc</span> <span class='ocrx_word' id='word_1_46' title='bbox 1203 583 1396 635; x_wconf 84' lang='lat' dir='ltr'>tempore</span> <span class='ocrx_word' id='word_1_47' title='bbox 1416 610 1428 631; x_wconf 87' lang='lat'>‚</span> 
     </span>
     <span class='ocr_line' id='line_1_7' title="bbox 53 637 1434 705; baseline 0.005 -23"><span class='ocrx_word' id='word_1_48' title='bbox 53 637 425 702; x_wconf 84' lang='lat' dir='ltr'>quemadmodum</span> <span class='ocrx_word' id='word_1_49' title='bbox 443 637 505 683; x_wconf 90' lang='lat' dir='ltr'>illi</span> <span class='ocrx_word' id='word_1_50' title='bbox 517 638 828 696; x_wconf 79' lang='lat' dir='ltr'>intellexerant,</span> <span class='ocrx_word' id='word_1_51' title='bbox 856 640 931 702; x_wconf 90' lang='lat' dir='ltr'>qui</span> <span class='ocrx_word' id='word_1_52' title='bbox 946 657 1091 686; x_wconf 87' lang='lat' dir='ltr'>secum</span> <span class='ocrx_word' id='word_1_53' title='bbox 1110 652 1316 705; x_wconf 74' lang='lat' dir='ltr'>tanquam</span> <span class='ocrx_word' id='word_1_54' title='bbox 1331 661 1434 690; x_wconf 89' lang='lat' dir='ltr'>cum</span> 
     </span>
     <span class='ocr_line' id='line_1_8' title="bbox 52 708 1435 773; baseline 0.004 -19"><span class='ocrx_word' id='word_1_55' title='bbox 52 709 198 772; x_wconf 82' lang='lat' dir='ltr'>impiis</span> <span class='ocrx_word' id='word_1_56' title='bbox 220 725 309 754; x_wconf 89' lang='lat' dir='ltr'>non</span> <span class='ocrx_word' id='word_1_57' title='bbox 332 708 534 754; x_wconf 87' lang='lat' dir='ltr'>sederunt</span> <span class='ocrx_word' id='word_1_58' title='bbox 556 746 566 765; x_wconf 85' lang='lat'>‚</span> <span class='ocrx_word' id='word_1_59' title='bbox 605 709 708 772; x_wconf 84' lang='lat' dir='ltr'>quia</span> <span class='ocrx_word' id='word_1_60' title='bbox 731 710 942 773; x_wconf 85' lang='lat' dir='ltr'>scriptum</span> <span class='ocrx_word' id='word_1_61' title='bbox 979 721 1040 756; x_wconf 86' lang='lat' dir='ltr'>est</span> <span class='ocrx_word' id='word_1_62' title='bbox 1065 729 1075 756; x_wconf 72' lang='grc' dir='ltr'><strong><em>ε</em></strong></span> <span class='ocrx_word' id='word_1_63' title='bbox 1106 734 1124 753; x_wconf 64' lang='grc' dir='ltr'>τ(</span> <span class='ocrx_word' id='word_1_64' title='bbox 1157 714 1255 757; x_wconf 52' lang='lat' dir='ltr'>Yon</span> <span class='ocrx_word' id='word_1_65' title='bbox 1282 714 1371 759; x_wconf 89' lang='lat' dir='ltr'>sedi</span> <span class='ocrx_word' id='word_1_66' title='bbox 1390 716 1435 759; x_wconf 83' lang='lat' dir='ltr'>in</span> 
     </span>
     <span class='ocr_line' id='line_1_9' title="bbox 56 778 1432 846; baseline 0.004 -22"><span class='ocrx_word' id='word_1_67' title='bbox 56 779 271 825; x_wconf 82' lang='lat' dir='ltr'>»consilio</span> <span class='ocrx_word' id='word_1_68' title='bbox 290 779 529 842; x_wconf 88' lang='lat' dir='ltr'>impiorum</span> <span class='ocrx_word' id='word_1_69' title='bbox 551 778 584 826; x_wconf 62' lang='lat'>1.</span> <span class='ocrx_word' id='word_1_70' title='bbox 606 801 626 821; x_wconf 86' lang='lat'>»</span> <span class='ocrx_word' id='word_1_71' title='bbox 655 781 767 826; x_wconf 87' lang='lat' dir='ltr'>Cum</span> <span class='ocrx_word' id='word_1_72' title='bbox 784 781 934 844; x_wconf 89' lang='lat' dir='ltr'>utique</span> <span class='ocrx_word' id='word_1_73' title='bbox 964 782 996 827; x_wconf 88' lang='lat' dir='ltr'>si</span> <span class='ocrx_word' id='word_1_74' title='bbox 1011 783 1171 845; x_wconf 87' lang='lat' dir='ltr'>impios</span> <span class='ocrx_word' id='word_1_75' title='bbox 1195 794 1400 846; x_wconf 85' lang='lat' dir='ltr'>putarent</span> <span class='ocrx_word' id='word_1_76' title='bbox 1421 822 1432 841; x_wconf 81' lang='grc'>,</span> 
     </span>
     <span class='ocr_line' id='line_1_10' title="bbox 56 849 1438 917; baseline 0.004 -23"><span class='ocrx_word' id='word_1_77' title='bbox 56 867 135 895; x_wconf 88' lang='lat' dir='ltr'>nec</span> <span class='ocrx_word' id='word_1_78' title='bbox 158 849 266 895; x_wconf 88' lang='lat' dir='ltr'>illud</span> <span class='ocrx_word' id='word_1_79' title='bbox 286 849 406 913; x_wconf 87' lang='lat' dir='ltr'>quod</span> <span class='ocrx_word' id='word_1_80' title='bbox 430 849 473 894; x_wconf 89' lang='lat' dir='ltr'>in</span> <span class='ocrx_word' id='word_1_81' title='bbox 504 849 655 896; x_wconf 88' lang='lat' dir='ltr'>eodem</span> <span class='ocrx_word' id='word_1_82' title='bbox 690 851 862 897; x_wconf 79' lang='lat' dir='ltr'>Psalmo</span> <span class='ocrx_word' id='word_1_83' title='bbox 888 865 1200 916; x_wconf 86' lang='lat' dir='ltr'>consequenter</span> <span class='ocrx_word' id='word_1_84' title='bbox 1219 855 1438 917; x_wconf 82' lang='lat' dir='ltr'>prohibe-</span> 
     </span>
     <span class='ocr_line' id='line_1_11' title="bbox 56 920 1439 986; baseline 0.004 -21"><span class='ocrx_word' id='word_1_85' title='bbox 56 931 144 978; x_wconf 84' lang='lat' dir='ltr'>tur,</span> <span class='ocrx_word' id='word_1_86' title='bbox 171 920 310 966; x_wconf 85' lang='lat' dir='ltr'>facere</span> <span class='ocrx_word' id='word_1_87' title='bbox 330 920 591 966; x_wconf 85' lang='lat' dir='ltr'>debuerunt.</span> <span class='ocrx_word' id='word_1_88' title='bbox 626 922 737 966; x_wconf 91' lang='lat' dir='ltr'>Nam</span> <span class='ocrx_word' id='word_1_89' title='bbox 762 922 825 968; x_wconf 85' lang='lat' dir='ltr'>ibi</span> <span class='ocrx_word' id='word_1_90' title='bbox 844 924 1040 986; x_wconf 88' lang='lat' dir='ltr'>sequitur</span> <span class='ocrx_word' id='word_1_91' title='bbox 1064 942 1073 968; x_wconf 75' lang='lat' dir='ltr'><em>z</em></span> <span class='ocrx_word' id='word_1_92' title='bbox 1106 945 1125 965; x_wconf 75' lang='grc' dir='ltr'>α</span> <span class='ocrx_word' id='word_1_93' title='bbox 1150 925 1205 968; x_wconf 82' lang='lat' dir='ltr'>Et</span> <span class='ocrx_word' id='word_1_94' title='bbox 1227 942 1327 970; x_wconf 91' lang='lat' dir='ltr'>cum</span> <span class='ocrx_word' id='word_1_95' title='bbox 1349 925 1439 970; x_wconf 78' lang='lat' dir='ltr'>ini-</span> 
     </span>
     <span class='ocr_line' id='line_1_12' title="bbox 57 991 1442 1055; baseline 0.004 -21"><span class='ocrx_word' id='word_1_96' title='bbox 57 1014 77 1034; x_wconf 83' lang='lat'>»</span> <span class='ocrx_word' id='word_1_97' title='bbox 95 1008 182 1055; x_wconf 82' lang='lat' dir='ltr'>qua</span> <span class='ocrx_word' id='word_1_98' title='bbox 206 991 452 1051; x_wconf 80' lang='lat' dir='ltr'>gerentibus</span> <span class='ocrx_word' id='word_1_99' title='bbox 482 1008 569 1037; x_wconf 89' lang='lat' dir='ltr'>non</span> <span class='ocrx_word' id='word_1_100' title='bbox 591 991 798 1039; x_wconf 82' lang='lat' dir='ltr'>introibo.</span> <span class='ocrx_word' id='word_1_101' title='bbox 822 1016 841 1034; x_wconf 86' lang='lat'>»</span> <span class='ocrx_word' id='word_1_102' title='bbox 871 995 982 1039; x_wconf 85' lang='lat' dir='ltr'>Cum</span> <span class='ocrx_word' id='word_1_103' title='bbox 999 1012 1098 1054; x_wconf 83' lang='lat' dir='ltr'>ergo</span> <span class='ocrx_word' id='word_1_104' title='bbox 1126 994 1188 1039; x_wconf 91' lang='lat' dir='ltr'>illi</span> <span class='ocrx_word' id='word_1_105' title='bbox 1213 995 1442 1041; x_wconf 80' lang='lat' dir='ltr'>intrassent</span> 
     </span>
     <span class='ocr_line' id='line_1_13' title="bbox 58 1062 1440 1127; baseline 0.001 -19"><span class='ocrx_word' id='word_1_106' title='bbox 58 1079 159 1108; x_wconf 89' lang='lat' dir='ltr'>cum</span> <span class='ocrx_word' id='word_1_107' title='bbox 177 1062 235 1107; x_wconf 89' lang='lat' dir='ltr'>eis</span> <span class='ocrx_word' id='word_1_108' title='bbox 257 1079 366 1126; x_wconf 86' lang='lat' dir='ltr'>quos</span> <span class='ocrx_word' id='word_1_109' title='bbox 381 1063 537 1125; x_wconf 80' lang='lat' dir='ltr'>impios</span> <span class='ocrx_word' id='word_1_110' title='bbox 560 1073 784 1124; x_wconf 75' lang='lat' dir='ltr'>putarent,</span> <span class='ocrx_word' id='word_1_111' title='bbox 810 1081 944 1127; x_wconf 82' lang='lat' dir='ltr'>quare</span> <span class='ocrx_word' id='word_1_112' title='bbox 960 1082 1047 1110; x_wconf 91' lang='lat' dir='ltr'>non</span> <span class='ocrx_word' id='word_1_113' title='bbox 1068 1065 1198 1110; x_wconf 84' lang='lat' dir='ltr'>etiam</span> <span class='ocrx_word' id='word_1_114' title='bbox 1217 1065 1440 1122; x_wconf 83' lang='lat' dir='ltr'>sederunt3</span> 
     </span>
     <span class='ocr_line' id='line_1_14' title="bbox 59 1133 1442 1198; baseline 0.002 -20"><span class='ocrx_word' id='word_1_115' title='bbox 59 1133 169 1178; x_wconf 88' lang='lat' dir='ltr'>utin</span> <span class='ocrx_word' id='word_1_116' title='bbox 191 1144 375 1195; x_wconf 83' lang='lat' dir='ltr'>utroque</span> <span class='ocrx_word' id='word_1_117' title='bbox 397 1151 484 1178; x_wconf 90' lang='lat' dir='ltr'>non</span> <span class='ocrx_word' id='word_1_118' title='bbox 515 1133 784 1196; x_wconf 78' lang='lat' dir='ltr'>corporalem</span> <span class='ocrx_word' id='word_1_119' title='bbox 802 1171 812 1189; x_wconf 75' lang='lat'><strong><em>‚</em></strong></span> <span class='ocrx_word' id='word_1_120' title='bbox 840 1135 911 1180; x_wconf 88' lang='lat' dir='ltr'>sed</span> <span class='ocrx_word' id='word_1_121' title='bbox 935 1135 1174 1198; x_wconf 87' lang='lat' dir='ltr'>spiritalem</span> <span class='ocrx_word' id='word_1_122' title='bbox 1196 1152 1442 1181; x_wconf 81' lang='lat' dir='ltr'>consessum</span> 
     </span>
     <span class='ocr_line' id='line_1_15' title="bbox 59 1204 1446 1264; baseline 0.002 -14"><span class='ocrx_word' id='word_1_123' title='bbox 59 1215 100 1250; x_wconf 87' lang='lat' dir='ltr'>et</span> <span class='ocrx_word' id='word_1_124' title='bbox 118 1204 353 1264; x_wconf 83' lang='lat' dir='ltr'>ingressum</span> <span class='ocrx_word' id='word_1_125' title='bbox 376 1204 585 1250; x_wconf 83' lang='lat' dir='ltr'>devitasse</span> <span class='ocrx_word' id='word_1_126' title='bbox 616 1204 897 1251; x_wconf 67' lang='lat' dir='ltr'>viderentur?</span> <span class='ocrx_word' id='word_1_127' title='bbox 929 1207 998 1251; x_wconf 85' lang='lat' dir='ltr'>lbi</span> <span class='ocrx_word' id='word_1_128' title='bbox 1019 1218 1360 1252; x_wconf 86' lang='lat' dir='ltr'>commemorata</span> <span class='ocrx_word' id='word_1_129' title='bbox 1384 1217 1446 1253; x_wconf 81' lang='lat' dir='ltr'>est</span> 
     </span>
     <span class='ocr_line' id='line_1_16' title="bbox 59 1275 1444 1336; baseline 0.001 -14"><span class='ocrx_word' id='word_1_130' title='bbox 59 1277 189 1322; x_wconf 84' lang='lat' dir='ltr'>etiam</span> <span class='ocrx_word' id='word_1_131' title='bbox 228 1292 355 1321; x_wconf 85' lang='lat' dir='ltr'>causa</span> <span class='ocrx_word' id='word_1_132' title='bbox 382 1275 798 1321; x_wconf 64' lang='lat' dir='ltr'>Maximianistarum</span> <span class='ocrx_word' id='word_1_133' title='bbox 836 1277 958 1322; x_wconf 86' lang='lat' dir='ltr'>toties</span> <span class='ocrx_word' id='word_1_134' title='bbox 989 1282 1081 1336; x_wconf 84' lang='lat' dir='ltr'>jam</span> <span class='ocrx_word' id='word_1_135' title='bbox 1114 1277 1198 1323; x_wconf 88' lang='lat' dir='ltr'>illis</span> <span class='ocrx_word' id='word_1_136' title='bbox 1245 1277 1444 1336; x_wconf 68' lang='lat' dir='ltr'>objecta,</span> 
     </span>
     <span class='ocr_line' id='line_1_17' title="bbox 60 1345 1448 1409; baseline 0.001 -17"><span class='ocrx_word' id='word_1_137' title='bbox 60 1347 140 1393; x_wconf 84' lang='lat' dir='ltr'>ubi</span> <span class='ocrx_word' id='word_1_138' title='bbox 159 1357 200 1392; x_wconf 84' lang='lat' dir='ltr'>et</span> <span class='ocrx_word' id='word_1_139' title='bbox 225 1363 266 1392; x_wconf 87' lang='lat' dir='ltr'>se</span> <span class='ocrx_word' id='word_1_140' title='bbox 288 1357 329 1392; x_wconf 87' lang='lat' dir='ltr'>et</span> <span class='ocrx_word' id='word_1_141' title='bbox 352 1345 447 1391; x_wconf 87' lang='lat' dir='ltr'>illos</span> <span class='ocrx_word' id='word_1_142' title='bbox 465 1346 627 1409; x_wconf 83' lang='lat' dir='ltr'>quibus</span> <span class='ocrx_word' id='word_1_143' title='bbox 648 1346 897 1392; x_wconf 82' lang='lat' dir='ltr'>dilationem</span> <span class='ocrx_word' id='word_1_144' title='bbox 924 1348 1139 1393; x_wconf 87' lang='lat' dir='ltr'>dederunt</span> <span class='ocrx_word' id='word_1_145' title='bbox 1158 1348 1203 1393; x_wconf 84' lang='lat' dir='ltr'>iu</span> <span class='ocrx_word' id='word_1_146' title='bbox 1224 1350 1448 1394; x_wconf 70' lang='lat' dir='ltr'>Maximia-</span> 
     </span>
     <span class='ocr_line' id='line_1_18' title="bbox 60 1416 1450 1479; baseline 0.001 -16"><span class='ocrx_word' id='word_1_147' title='bbox 60 1419 105 1464; x_wconf 89' lang='lat' dir='ltr'>ni</span> <span class='ocrx_word' id='word_1_148' title='bbox 137 1417 368 1462; x_wconf 80' lang='lat' dir='ltr'>schismate</span> <span class='ocrx_word' id='word_1_149' title='bbox 406 1416 568 1479; x_wconf 88' lang='lat' dir='ltr'>positos</span> <span class='ocrx_word' id='word_1_150' title='bbox 588 1453 597 1471; x_wconf 78' lang='lat'>‚</span> <span class='ocrx_word' id='word_1_151' title='bbox 628 1416 820 1475; x_wconf 82' lang='lat' dir='ltr'>ejttsdem</span> <span class='ocrx_word' id='word_1_152' title='bbox 855 1418 899 1462; x_wconf 88' lang='lat' dir='ltr'>in</span> <span class='ocrx_word' id='word_1_153' title='bbox 931 1417 1209 1463; x_wconf 72' lang='lat' dir='ltr'>damnatione</span> <span class='ocrx_word' id='word_1_154' title='bbox 1241 1419 1450 1464; x_wconf 85' lang='lat' dir='ltr'>l&#39;rimiani</span> 
     </span>
     <span class='ocr_line' id='line_1_19' title="bbox 61 1488 1448 1552; baseline -0.001 -16"><span class='ocrx_word' id='word_1_155' title='bbox 61 1490 223 1545; x_wconf 81' lang='lat' dir='ltr'>socios,</span> <span class='ocrx_word' id='word_1_156' title='bbox 245 1501 388 1534; x_wconf 78' lang='lat' dir='ltr'>tamen</span> <span class='ocrx_word' id='word_1_157' title='bbox 416 1488 530 1533; x_wconf 88' lang='lat' dir='ltr'>illius</span> <span class='ocrx_word' id='word_1_158' title='bbox 558 1489 761 1548; x_wconf 79' lang='lat' dir='ltr'>contagio</span> <span class='ocrx_word' id='word_1_159' title='bbox 788 1489 988 1535; x_wconf 66' lang='lat' dir='ltr'>dixerunt</span> <span class='ocrx_word' id='word_1_160' title='bbox 1013 1507 1099 1535; x_wconf 86' lang='lat' dir='ltr'>non</span> <span class='ocrx_word' id='word_1_161' title='bbox 1125 1508 1209 1534; x_wconf 72' lang='lat' dir='ltr'>esse</span> <span class='ocrx_word' id='word_1_162' title='bbox 1234 1490 1448 1552; x_wconf 84' lang='lat' dir='ltr'>pollutos;</span> 
     </span>
     <span class='ocr_line' id='line_1_20' title="bbox 61 1559 1450 1623; baseline 0 -17"><span class='ocrx_word' id='word_1_163' title='bbox 61 1561 139 1623; x_wconf 87' lang='lat' dir='ltr'>qui</span> <span class='ocrx_word' id='word_1_164' title='bbox 167 1559 392 1606; x_wconf 83' lang='lat' dir='ltr'>Caeciliani</span> <span class='ocrx_word' id='word_1_165' title='bbox 432 1559 690 1604; x_wconf 83' lang='lat' dir='ltr'>criminibus</span> <span class='ocrx_word' id='word_1_166' title='bbox 722 1560 873 1604; x_wconf 88' lang='lat' dir='ltr'>orbem</span> <span class='ocrx_word' id='word_1_167' title='bbox 920 1561 1206 1606; x_wconf 87' lang='lat' dir='ltr'>christianum</span> <span class='ocrx_word' id='word_1_168' title='bbox 1238 1578 1373 1622; x_wconf 76' lang='lat' dir='ltr'>usque</span> <span class='ocrx_word' id='word_1_169' title='bbox 1399 1560 1450 1606; x_wconf 83' lang='lat' dir='ltr'>ad</span> 
     </span>
     <span class='ocr_line' id='line_1_21' title="bbox 63 1629 960 1692; baseline 0 -16"><span class='ocrx_word' id='word_1_170' title='bbox 63 1631 269 1676; x_wconf 79' lang='lat' dir='ltr'>terminos</span> <span class='ocrx_word' id='word_1_171' title='bbox 295 1640 419 1674; x_wconf 78' lang='lat' dir='ltr'>terrae</span> <span class='ocrx_word' id='word_1_172' title='bbox 438 1630 613 1692; x_wconf 87' lang='lat' dir='ltr'>periisse</span> <span class='ocrx_word' id='word_1_173' title='bbox 633 1629 960 1676; x_wconf 82' lang='lat' dir='ltr'>contenderent.</span> 
     </span>
    </p>

    <p class='ocr_par' dir='ltr' id='par_1_3' title="bbox 65 1700 1458 2542">
     <span class='ocr_line' id='line_1_22' title="bbox 129 1700 1457 1764; baseline 0.001 -17"><span class='ocrx_word' id='word_1_174' title='bbox 129 1703 251 1748; x_wconf 63' lang='lat' dir='ltr'>xlx.</span> <span class='ocrx_word' id='word_1_175' title='bbox 288 1700 355 1746; x_wconf 84' lang='lat' dir='ltr'>Ad</span> <span class='ocrx_word' id='word_1_176' title='bbox 394 1701 492 1745; x_wconf 85' lang='lat' dir='ltr'>haec</span> <span class='ocrx_word' id='word_1_177' title='bbox 520 1700 760 1745; x_wconf 73' lang='lat' dir='ltr'>Donatistae</span> <span class='ocrx_word' id='word_1_178' title='bbox 780 1737 789 1754; x_wconf 82' lang='lat'><strong>‚</strong></span> <span class='ocrx_word' id='word_1_179' title='bbox 825 1718 925 1745; x_wconf 89' lang='lat' dir='ltr'>cum</span> <span class='ocrx_word' id='word_1_180' title='bbox 954 1702 1226 1747; x_wconf 80' lang='lat' dir='ltr'>validissimis</span> <span class='ocrx_word' id='word_1_181' title='bbox 1258 1702 1457 1764; x_wconf 82' lang='lat' dir='ltr'>Scriptu-</span> 
     </span>
     <span class='ocr_line' id='line_1_23' title="bbox 65 1770 1454 1833; baseline -0.001 -15"><span class='ocrx_word' id='word_1_182' title='bbox 65 1790 211 1818; x_wconf 87' lang='lat' dir='ltr'>rarum</span> <span class='ocrx_word' id='word_1_183' title='bbox 235 1771 508 1817; x_wconf 87' lang='lat' dir='ltr'>documentis</span> <span class='ocrx_word' id='word_1_184' title='bbox 531 1781 572 1816; x_wconf 84' lang='lat' dir='ltr'>et</span> <span class='ocrx_word' id='word_1_185' title='bbox 601 1770 796 1833; x_wconf 83' lang='lat' dir='ltr'>exemplo</span> <span class='ocrx_word' id='word_1_186' title='bbox 825 1787 900 1815; x_wconf 93' lang='lat' dir='ltr'>suo</span> <span class='ocrx_word' id='word_1_187' title='bbox 933 1771 985 1816; x_wconf 89' lang='lat' dir='ltr'>de</span> <span class='ocrx_word' id='word_1_188' title='bbox 1015 1772 1338 1816; x_wconf 75' lang='lat' dir='ltr'>Maximianistis</span> <span class='ocrx_word' id='word_1_189' title='bbox 1360 1790 1454 1817; x_wconf 83' lang='lat' dir='ltr'>res-</span> 
     </span>
     <span class='ocr_line' id='line_1_24' title="bbox 67 1840 1457 1908; baseline -0.001 -20"><span class='ocrx_word' id='word_1_190' title='bbox 67 1843 258 1908; x_wconf 84' lang='lat' dir='ltr'>pondere</span> <span class='ocrx_word' id='word_1_191' title='bbox 277 1859 365 1888; x_wconf 91' lang='lat' dir='ltr'>non</span> <span class='ocrx_word' id='word_1_192' title='bbox 389 1852 591 1905; x_wconf 79' lang='lat' dir='ltr'>possent3</span> <span class='ocrx_word' id='word_1_193' title='bbox 615 1840 668 1886; x_wconf 83' lang='lat' dir='ltr'>ad</span> <span class='ocrx_word' id='word_1_194' title='bbox 690 1840 799 1886; x_wconf 87' lang='lat' dir='ltr'>illud</span> <span class='ocrx_word' id='word_1_195' title='bbox 819 1841 937 1903; x_wconf 89' lang='lat' dir='ltr'>quod</span> <span class='ocrx_word' id='word_1_196' title='bbox 954 1846 1044 1901; x_wconf 85' lang='lat' dir='ltr'>jam</span> <span class='ocrx_word' id='word_1_197' title='bbox 1072 1854 1299 1905; x_wconf 83' lang='lat' dir='ltr'>peractum</span> <span class='ocrx_word' id='word_1_198' title='bbox 1315 1842 1457 1887; x_wconf 84' lang='lat' dir='ltr'>suerat</span> 
     </span>
     <span class='ocr_line' id='line_1_25' title="bbox 67 1911 1458 1971; baseline -0.003 -10"><span class='ocrx_word' id='word_1_199' title='bbox 67 1914 315 1971; x_wconf 80' lang='lat' dir='ltr'>redierunt,</span> <span class='ocrx_word' id='word_1_200' title='bbox 343 1913 533 1959; x_wconf 88' lang='lat' dir='ltr'>dicentes</span> <span class='ocrx_word' id='word_1_201' title='bbox 562 1911 780 1957; x_wconf 89' lang='lat' dir='ltr'>mundum</span> <span class='ocrx_word' id='word_1_202' title='bbox 819 1929 905 1957; x_wconf 90' lang='lat' dir='ltr'>non</span> <span class='ocrx_word' id='word_1_203' title='bbox 942 1913 1051 1958; x_wconf 85' lang='lat' dir='ltr'>bene</span> <span class='ocrx_word' id='word_1_204' title='bbox 1086 1913 1268 1971; x_wconf 70' lang='lat' dir='ltr'>intelligi</span> <span class='ocrx_word' id='word_1_205' title='bbox 1300 1914 1458 1958; x_wconf 82' lang='lat' dir='ltr'>Eccle—</span> 
     </span>
     <span class='ocr_line' id='line_1_26' title="bbox 70 1984 1457 2049; baseline -0.001 -17"><span class='ocrx_word' id='word_1_206' title='bbox 70 1987 192 2042; x_wconf 85' lang='lat' dir='ltr'>siam,</span> <span class='ocrx_word' id='word_1_207' title='bbox 223 1987 267 2032; x_wconf 90' lang='lat' dir='ltr'>in</span> <span class='ocrx_word' id='word_1_208' title='bbox 285 2003 371 2049; x_wconf 86' lang='lat' dir='ltr'>qua</span> <span class='ocrx_word' id='word_1_209' title='bbox 396 1985 523 2030; x_wconf 88' lang='lat' dir='ltr'>simul</span> <span class='ocrx_word' id='word_1_210' title='bbox 545 1996 586 2030; x_wconf 88' lang='lat' dir='ltr'>et</span> <span class='ocrx_word' id='word_1_211' title='bbox 610 1984 803 2029; x_wconf 87' lang='lat' dir='ltr'>triticum</span> <span class='ocrx_word' id='word_1_212' title='bbox 826 1995 867 2029; x_wconf 88' lang='lat' dir='ltr'>et</span> <span class='ocrx_word' id='word_1_213' title='bbox 892 1985 1049 2029; x_wconf 75' lang='lat' dir='ltr'>zizania</span> <span class='ocrx_word' id='word_1_214' title='bbox 1072 1989 1189 2043; x_wconf 79' lang='lat' dir='ltr'>jussa</span> <span class='ocrx_word' id='word_1_215' title='bbox 1216 1996 1315 2029; x_wconf 85' lang='lat' dir='ltr'>sunt</span> <span class='ocrx_word' id='word_1_216' title='bbox 1340 2002 1457 2030; x_wconf 83' lang='lat' dir='ltr'>cres—</span> 
     </span>
     <span class='ocr_line' id='line_1_27' title="bbox 72 2055 1458 2113; baseline -0.003 -10"><span class='ocrx_word' id='word_1_217' title='bbox 72 2074 195 2103; x_wconf 87' lang='lat' dir='ltr'>cere:</span> <span class='ocrx_word' id='word_1_218' title='bbox 233 2074 333 2103; x_wconf 88' lang='lat' dir='ltr'>cum</span> <span class='ocrx_word' id='word_1_219' title='bbox 367 2055 586 2103; x_wconf 85' lang='lat' dir='ltr'>Catholici</span> <span class='ocrx_word' id='word_1_220' title='bbox 617 2065 658 2100; x_wconf 88' lang='lat' dir='ltr'>et</span> <span class='ocrx_word' id='word_1_221' title='bbox 682 2065 746 2100; x_wconf 85' lang='lat' dir='ltr'>tot</span> <span class='ocrx_word' id='word_1_222' title='bbox 774 2055 1015 2099; x_wconf 83' lang='lat' dir='ltr'>testimonia</span> <span class='ocrx_word' id='word_1_223' title='bbox 1042 2055 1187 2100; x_wconf 78' lang='lat' dir='ltr'>divina</span> <span class='ocrx_word' id='word_1_224' title='bbox 1220 2059 1310 2113; x_wconf 79' lang='lat' dir='ltr'>jam</span> <span class='ocrx_word' id='word_1_225' title='bbox 1338 2073 1458 2099; x_wconf 89' lang='lat' dir='ltr'>com-</span> 
     </span>
     <span class='ocr_line' id='line_1_28' title="bbox 74 2125 1455 2190; baseline -0.004 -16"><span class='ocrx_word' id='word_1_226' title='bbox 74 2138 397 2183; x_wconf 74' lang='lat' dir='ltr'>memorassent,</span> <span class='ocrx_word' id='word_1_227' title='bbox 420 2126 583 2190; x_wconf 86' lang='lat' dir='ltr'>quibus</span> <span class='ocrx_word' id='word_1_228' title='bbox 601 2126 898 2171; x_wconf 86' lang='lat' dir='ltr'>ostenderetur</span> <span class='ocrx_word' id='word_1_229' title='bbox 919 2126 1052 2170; x_wconf 89' lang='lat' dir='ltr'>mund</span> <span class='ocrx_word' id='word_1_230' title='bbox 1062 2143 1108 2170; x_wconf 88' lang='grc'><strong>115</strong></span> <span class='ocrx_word' id='word_1_231' title='bbox 1126 2126 1252 2169; x_wconf 82' lang='lat' dir='ltr'>etiam</span> <span class='ocrx_word' id='word_1_232' title='bbox 1272 2125 1318 2168; x_wconf 91' lang='lat' dir='ltr'>in</span> <span class='ocrx_word' id='word_1_233' title='bbox 1339 2125 1455 2169; x_wconf 84' lang='lat' dir='ltr'>bona</span> 
     </span>
     <span class='ocr_line' id='line_1_29' title="bbox 76 2195 1455 2259; baseline -0.004 -15"><span class='ocrx_word' id='word_1_234' title='bbox 76 2199 387 2258; x_wconf 85' lang='lat' dir='ltr'>significatione</span> <span class='ocrx_word' id='word_1_235' title='bbox 413 2197 579 2259; x_wconf 84' lang='lat' dir='ltr'>positus</span> <span class='ocrx_word' id='word_1_236' title='bbox 603 2233 613 2251; x_wconf 75' lang='lat'>‚</span> <span class='ocrx_word' id='word_1_237' title='bbox 650 2205 691 2240; x_wconf 87' lang='lat' dir='ltr'>et</span> <span class='ocrx_word' id='word_1_238' title='bbox 720 2196 765 2239; x_wconf 88' lang='lat' dir='ltr'>in</span> <span class='ocrx_word' id='word_1_239' title='bbox 799 2213 844 2240; x_wconf 88' lang='lat' dir='ltr'>ea</span> <span class='ocrx_word' id='word_1_240' title='bbox 876 2212 963 2239; x_wconf 89' lang='lat' dir='ltr'>non</span> <span class='ocrx_word' id='word_1_241' title='bbox 988 2196 1068 2239; x_wconf 85' lang='lat' dir='ltr'>nisi</span> <span class='ocrx_word' id='word_1_242' title='bbox 1098 2195 1287 2239; x_wconf 78' lang='lat' dir='ltr'>Ecclesia</span> <span class='ocrx_word' id='word_1_243' title='bbox 1314 2206 1455 2256; x_wconf 80' lang='lat' dir='ltr'>posset</span> 
     </span>
     <span class='ocr_line' id='line_1_30' title="bbox 77 2266 1455 2331; baseline -0.003 -16"><span class='ocrx_word' id='word_1_244' title='bbox 77 2269 278 2329; x_wconf 81' lang='lat' dir='ltr'>intelligi3</span> <span class='ocrx_word' id='word_1_245' title='bbox 311 2279 349 2314; x_wconf 87' lang='lat' dir='ltr'>et</span> <span class='ocrx_word' id='word_1_246' title='bbox 375 2266 705 2331; x_wconf 85' lang='lat' dir='ltr'>quomodolibet</span> <span class='ocrx_word' id='word_1_247' title='bbox 731 2267 998 2328; x_wconf 77' lang='lat' dir='ltr'>acciperetur</span> <span class='ocrx_word' id='word_1_248' title='bbox 1023 2266 1212 2311; x_wconf 87' lang='lat' dir='ltr'>mundus</span> <span class='ocrx_word' id='word_1_249' title='bbox 1237 2303 1246 2314; x_wconf 84' lang='grc'>,</span> <span class='ocrx_word' id='word_1_250' title='bbox 1276 2266 1455 2328; x_wconf 79' lang='lat' dir='ltr'>quando</span> 
     </span>
     <span class='ocr_line' id='line_1_31' title="bbox 78 2336 1457 2403; baseline -0.003 -17"><span class='ocrx_word' id='word_1_251' title='bbox 78 2352 314 2403; x_wconf 87' lang='lat' dir='ltr'>utrumque</span> <span class='ocrx_word' id='word_1_252' title='bbox 349 2356 490 2384; x_wconf 83' lang='lat' dir='ltr'>semen</span> <span class='ocrx_word' id='word_1_253' title='bbox 529 2354 605 2400; x_wconf 84' lang='lat' dir='ltr'>per</span> <span class='ocrx_word' id='word_1_254' title='bbox 640 2336 853 2381; x_wconf 90' lang='lat' dir='ltr'>mundum</span> <span class='ocrx_word' id='word_1_255' title='bbox 890 2347 1132 2391; x_wconf 75' lang='lat' dir='ltr'>cresceret,</span> <span class='ocrx_word' id='word_1_256' title='bbox 1172 2354 1256 2380; x_wconf 83' lang='lat' dir='ltr'>non</span> <span class='ocrx_word' id='word_1_257' title='bbox 1298 2336 1457 2382; x_wconf 83' lang='lat' dir='ltr'>debere</span> 
     </span>
     <span class='ocr_line' id='line_1_32' title="bbox 80 2406 1456 2475; baseline -0.004 -18"><span class='ocrx_word' id='word_1_258' title='bbox 80 2423 260 2475; x_wconf 87' lang='lat' dir='ltr'>propter</span> <span class='ocrx_word' id='word_1_259' title='bbox 280 2411 441 2455; x_wconf 82' lang='lat' dir='ltr'>zizania</span> <span class='ocrx_word' id='word_1_260' title='bbox 472 2408 604 2453; x_wconf 87' lang='lat' dir='ltr'>totius</span> <span class='ocrx_word' id='word_1_261' title='bbox 632 2406 784 2452; x_wconf 87' lang='lat' dir='ltr'>mundi</span> <span class='ocrx_word' id='word_1_262' title='bbox 814 2406 1006 2451; x_wconf 86' lang='lat' dir='ltr'>triticum</span> <span class='ocrx_word' id='word_1_263' title='bbox 1031 2406 1180 2452; x_wconf 58' lang='lat' dir='ltr'>deseri.</span> <span class='ocrx_word' id='word_1_264' title='bbox 1217 2407 1330 2450; x_wconf 77' lang='lat' dir='ltr'>Cum</span> <span class='ocrx_word' id='word_1_265' title='bbox 1354 2424 1456 2466; x_wconf 82' lang='lat' dir='ltr'>ergo</span> 
     </span>
     <span class='ocr_line' id='line_1_33' title="bbox 80 2476 1457 2542; baseline -0.004 -14"><span class='ocrx_word' id='word_1_266' title='bbox 80 2482 181 2529; x_wconf 84' lang='lat' dir='ltr'>haec</span> <span class='ocrx_word' id='word_1_267' title='bbox 197 2487 289 2542; x_wconf 85' lang='lat' dir='ltr'>jam</span> <span class='ocrx_word' id='word_1_268' title='bbox 316 2481 432 2528; x_wconf 82' lang='lat' dir='ltr'>dicta</span> <span class='ocrx_word' id='word_1_269' title='bbox 464 2477 670 2534; x_wconf 68' lang='lat' dir='ltr'>fuissent,</span> <span class='ocrx_word' id='word_1_270' title='bbox 709 2487 751 2523; x_wconf 89' lang='lat' dir='ltr'>et</span> <span class='ocrx_word' id='word_1_271' title='bbox 785 2477 968 2540; x_wconf 76' lang='lat' dir='ltr'>quaestio</span> <span class='ocrx_word' id='word_1_272' title='bbox 991 2477 1081 2540; x_wconf 87' lang='lat' dir='ltr'>ipsa</span> <span class='ocrx_word' id='word_1_273' title='bbox 1102 2480 1193 2536; x_wconf 84' lang='lat' dir='ltr'>jam</span> <span class='ocrx_word' id='word_1_274' title='bbox 1232 2476 1457 2522; x_wconf 81' lang='lat' dir='ltr'>terminata</span> 
     </span>
    </p>
   </div>
   <div class='ocr_carea' id='block_1_3' title="bbox 131 2566 1332 2662">
    <p class='ocr_par' dir='ltr' id='par_1_4' title="bbox 131 2566 1332 2662">
     <span class='ocr_line' id='line_1_34' title="bbox 131 2566 390 2600; baseline -0.004 -3"><span class='ocrx_word' id='word_1_275' title='bbox 131 2567 141 2588; x_wconf 88' lang='lat'><strong>¹</strong></span> <span class='ocrx_word' id='word_1_276' title='bbox 164 2566 245 2597; x_wconf 79' lang='lat' dir='ltr'>Psal.</span> <span class='ocrx_word' id='word_1_277' title='bbox 268 2576 339 2599; x_wconf 68' lang='lat' dir='ltr'>xxv,</span> <span class='ocrx_word' id='word_1_278' title='bbox 359 2571 390 2600; x_wconf 71' lang='grc'>4.</span> 
     </span>
     <span class='ocr_line' id='line_1_35' title="bbox 215 2611 1332 2662; baseline 0.001 0"><span class='ocrx_word' id='word_1_279' title='bbox 215 2633 307 2662; x_wconf 65' lang='lat' dir='ltr'>cxi„</span> <span class='ocrx_word' id='word_1_280' title='bbox 1305 2611 1332 2651; x_wconf 58' lang='grc' dir='ltr'>Γ)</span> 
     </span>
    </p>
   </div>
  </div>
 </body>
</html>
