1763 2838
240 140 333 202 474
657 153 692 181 s.
735 150 979 182 Auensnm
1014 150 1218 184 Emscom

303 218 394 262 LX.
423 215 531 262 Haec
563 215 820 279 disputatio,
849 217 882 262 si
903 217 1135 278 quaestioni
1158 218 1222 264 illi
1249 218 1467 264 solvendae
1490 217 1612 264 suffi-

241 289 317 342 cit,
345 288 543 333 sufficiat.
591 287 636 333 Si
678 299 819 334 autem
859 288 1161 351 respondetur,
1185 290 1428 336 cavendum
1453 306 1539 335 esse
1561 305 1615 334 ne

241 359 469 420 quisquam
492 360 582 403 Deo
605 358 888 404 tribuendum
910 369 1035 421 putet
1057 370 1306 422 peccatum,
1330 360 1448 423 quod
1463 359 1618 405 admit-

243 429 346 473 titur
373 445 447 490 per
470 427 658 473 liberum
674 429 921 482 arbitrium,
944 429 977 474 si
997 429 1042 474 in
1061 446 1110 474 eo
1123 429 1240 492 quod
1253 429 1443 474 dicitur:
1466 427 1619 485 «Quid

241 498 433 552 -»]1abes‚
461 498 581 560 quod
604 515 691 544 non
711 498 965 562 accepisti&
988 509 1253 562 »propterea
1278 500 1407 544 etiam
1423 499 1624 545 voluntas

241 585 327 630 qua
345 567 578 623 credimus,
602 568 718 614 dono
743 569 823 614 Dei
849 569 1083 624 tribuitur,
1115 569 1217 631 quia
1236 569 1289 614 de
1320 568 1456 614 libero
1480 567 1618 614 existit

244 638 440 694 arbitrio,
459 639 691 702 quodcum
712 657 956 686 crearemur
974 640 1235 703 accepimus.
1263 639 1486 700 Attendat,
1505 638 1618 684 etvi-

242 709 358 765 deat,
386 726 473 754 non
496 711 594 756 ideo
619 721 787 756 tantum
819 711 945 756 istam
969 711 1238 756 voluntatem
1280 710 1428 757 divino
1451 709 1620 755 muneri

241 779 538 835 tribuendam,
555 781 658 843 quia
677 798 724 826 ex
747 781 886 826 libero
913 781 1092 826 arbitrio
1115 781 1312 845 estquod
1336 781 1463 825 nobis
1487 789 1619 824 natu-

238 848 384 894 raliter
403 860 680 895 concreatum
697 861 793 904 est3
833 852 1113 896 verumetiam
1135 851 1254 914 quod
1288 851 1477 897 visorum
1519 865 1620 895 sua-

245 919 439 964 sionibus
464 920 551 979 agit
571 922 685 965 Deus
703 958 714 975 ,
745 931 792 966 ut
808 920 1006 972 velimus,
1033 931 1074 965 et
1097 932 1144 965 ut
1161 921 1388 966 credamus
1405 957 1415 976 ,
1443 920 1530 965 sive
1549 935 1621 964 ex·-

242 989 449 1035 trinsecus
472 1008 549 1053 per
569 992 833 1050 evangelicas
863 991 1177 1036 exhortationes
1195 1028 1205 1046 ,
1238 992 1316 1036 ubi
1350 1001 1390 1035 et
1415 990 1622 1035 mandata

244 1060 346 1119 legis
372 1061 537 1124 aliquid
560 1073 709 1121 agunt,
739 1064 773 1108 si
810 1062 864 1107 ad
889 1062 974 1107 hoc
1003 1062 1238 1107 admonent
1258 1061 1479 1107 hominem
1497 1061 1626 1105 infir-

248 1131 410 1176 mitatis
442 1149 546 1186 suae,
577 1143 624 1177 ut
648 1133 702 1178 ad
726 1133 905 1192 gratiam
934 1133 1244 1191 justificantem
1279 1130 1493 1177 credendo
1517 1146 1628 1175 con-

247 1200 401 1259 fugiat,
428 1201 514 1247 sive
538 1203 813 1259 intrinsecus,
835 1203 912 1248 ubi
936 1220 1062 1248 nemo
1081 1203 1214 1248 habet
1228 1202 1273 1247 in
1296 1211 1506 1265 potestate
1520 1200 1628 1263 quid

249 1271 287 1315 ei
304 1271 447 1316 veniat
468 1274 513 1317 in
529 1284 733 1329 mentem,
751 1274 823 1319 scd
841 1274 1083 1319 consentire
1102 1273 1168 1319 vel
1192 1273 1414 1318 dissentire
1435 1271 1628 1335 propriae

250 1341 484 1387 voluntatis
523 1355 599 1389 est.
629 1345 706 1389 His
729 1361 828 1403 ergo
872 1344 1011 1389 modis
1036 1343 1212 1406 quando
1251 1343 1366 1387 Deus
1403 1342 1490 1401 agit
1529 1357 1630 1386 cum

254 1410 396 1455 anima
421 1412 622 1457 rationali
640 1413 676 1469 ὃ,
693 1424 740 1458 ut
758 1414 794 1458 ei
809 1413 973 1462 credat,
1002 1430 1140 1476 neque
1160 1413 1274 1458 enim
1293 1412 1466 1458 credere
1490 1421 1631 1474 potest

250 1481 479 1543 quodlibet
502 1482 639 1528 libero
662 1485 844 1539 arbitro,
873 1485 906 1529 si
921 1483 1040 1529 nulla
1058 1484 1110 1528 sit
1131 1483 1269 1528 suasio
1283 1482 1350 1529 vel
1370 1483 1540 1529 vocatio
1559 1481 1632 1527 cui

256 1551 428 1605 credat3
454 1553 651 1615 profecto
675 1565 716 1600 et
738 1556 878 1618 ipsum
907 1555 1015 1601 velle
1034 1554 1206 1600 credere
1232 1556 1346 1599 Deus
1369 1553 1631 1617 operaturin

253 1621 447 1677 homine,
474 1624 578 1668 etin
603 1625 806 1670 omnibus
842 1624 1132 1670 misericordia
1155 1627 1246 1683 ejus
1283 1624 1495 1686 praevenit
1520 1639 1627 1668 nos:

257 1693 494 1737 consentire
513 1705 657 1739 autem
677 1696 896 1742 vocationi
918 1696 1013 1749 Dei,
1036 1694 1103 1740 vel
1122 1695 1177 1740 ab
1190 1711 1238 1740 ea
1259 1694 1501 1747 dissentire,
1522 1694 1633 1738 sicut

257 1760 361 1815 dixi,
385 1765 577 1824 propriae
600 1764 833 1809 voluntatis
857 1775 929 1810 est.
955 1765 1068 1820 Quae
1093 1782 1158 1809 res
1183 1781 1270 1810 non
1295 1764 1434 1809 solum
1455 1780 1542 1808 non
1561 1764 1634 1808 in—

260 1830 405 1874 firmat
429 1832 548 1893 quod
574 1833 739 1878 dictum
763 1844 823 1878 est
850 1851 860 1878 :
889 1854 908 1874 c<
935 1834 1054 1889 Quid
1080 1834 1193 1878 enim
1217 1835 1352 1878 habes
1386 1833 1505 1896 quod
1546 1849 1633 1878 non

265 1918 286 1942 ))
304 1902 537 1964 accepisti3
567 1920 578 1947 τ
607 1904 886 1948 verumetiam
911 1905 1158 1957 confirmat,
1189 1904 1396 1969 Accipere
1417 1904 1582 1967 quippe
1594 1913 1635 1948 et

259 1969 422 2016 habere
439 1972 580 2017 anima
606 1990 692 2018 non
708 1984 851 2036 potest
869 1973 1000 2027 dona,
1026 1973 1080 2018 de
1101 1973 1262 2037 quibus
1284 1974 1371 2018 hoc
1391 1973 1528 2029 audit,
1554 1973 1635 2018 nisi

262 2043 567 2088 consentiendo
598 2061 607 2088 :
636 2060 685 2088 ac
708 2061 785 2107 per
804 2044 889 2090 hoc
907 2043 1014 2107 quid
1034 2045 1213 2100 habeat,
1235 2054 1277 2089 et
1298 2044 1406 2108 quid
1425 2044 1631 2107 accipiat,

214 2124 225 2127 “
263 2112 343 2156 Dei
365 2123 454 2157 est:
478 2115 676 2177 accipere
709 2125 851 2160 autem
877 2126 919 2160 et
959 2115 1120 2160 habere
1147 2116 1298 2178 utique
1331 2115 1581 2178 accipientis
1595 2125 1637 2159 et

263 2182 464 2228 habentis
481 2194 553 2230 est.
581 2188 599 2228 J
609 2200 674 2229 am
699 2185 732 2229 ‘si
773 2185 827 2230 ad
844 2184 962 2229 illam
987 2184 1329 2247 profunditatem
1357 2184 1636 2229 scrutandam

264 2254 494 2315 quisquam
512 2271 589 2299 nos
611 2265 816 2311 coarctet,
846 2272 922 2300 cur
957 2255 1030 2300 illa
1052 2256 1110 2300 ita
1137 2255 1367 2300 suadeatur
1382 2265 1431 2299 ut
1454 2270 1635 2316 persua-

267 2322 436 2380 deatur,
481 2324 545 2370 illi
569 2336 712 2371 autem
736 2343 823 2371 non
860 2326 950 2381 ita;
982 2325 1070 2372 duo
1094 2325 1183 2371 sola
1205 2336 1441 2371 occurrunt
1462 2325 1636 2370 interim

314 2423 325 2446 ¹
352 2436 364 2455 1
392 2426 465 2458 Cor.
492 2437 538 2467 iv,
569 2438 599 2466 7.
628 2443 672 2450 —
697 2424 713 2447 2
729 2425 813 2457 Vide
837 2424 891 2457 lib.
924 2436 958 2457 ι.Δ
975 2425 1014 2456 ad
1040 2425 1293 2468 Simplicianum‚
1319 2436 1348 2459 c.
1380 2435 1411 2456 α.
1430 2421 1504 2448 -3
1523 2435 1535 2454 1
1559 2416 1636 2456 Cor.

268 2489 313 2518 lv,
334 2491 364 2519 7.
