1763 2838
234 242 508 273 BREVICULUS
546 241 838 273 COLLATtoMs
876 243 965 273 cml
1002 243 1276 275 DONATISTIS.
1383 228 1444 285 43

63 308 323 369 jactabant,
358 317 536 370 excepto
575 325 623 352 eo
657 307 776 371 quod
809 308 1063 354 Catholieos
1103 309 1249 372 plures
1286 309 1448 356 venisse

68 379 377 439 Carthaginem
417 379 634 432 constitit3
671 379 838 425 dictum
876 390 938 424 est
973 398 994 424 a
1033 380 1272 425 Catholicis
1296 417 1306 435 ‚
1346 381 1449 426 alios

68 451 296 514 episcopos
320 460 493 494 centum
516 450 669 509 viginti
693 468 779 495 non
796 450 957 496 venisse
983 450 1311 510 Carthaginem„
1330 450 1450 513 quod

69 520 248 584 quidam
274 537 419 565 eorum
445 531 677 576 senectute,
706 521 884 584 quidam
904 521 1172 570 infirmitate,
1191 521 1366 584 quidam
1384 521 1452 565 di·-

68 591 198 638 versis
216 591 542 636 necessitatibus
564 590 578 620 t
606 592 820 655 impediti.
852 591 980 648 Quod
1006 609 1106 637 cum
1128 593 1344 638 audissent
1365 594 1450 638 Do-

68 662 241 709 natistae
262 699 272 716 ‚
301 663 618 726 responderunt
643 665 770 709 etiam
796 680 895 709 suos
917 663 1054 708 multo
1082 663 1227 726 plures
1260 682 1348 708 non
1373 681 1452 707 ve-

67 734 176 780 nisse
205 734 546 794 Carthaginem,
593 746 633 780 et
658 735 815 780 multas
853 752 938 780 esse
982 735 1103 798 apud
1142 752 1184 780 se
1222 734 1452 780 cathedras

66 805 265 852 viduatas
288 805 504 870 episcopis
531 823 541 851 :
571 823 672 851 cum
700 806 744 852 in
768 823 843 851 sua
870 807 1037 851 notaui-1
1067 823 1200 869 quam
1224 806 1256 849 C
1264 803 1452 864 ognitori

68 875 295 931 (ῙρεΙοΓιΜῃι
325 876 591 940 apertissime
611 876 795 922 dixetint
827 894 961 941 nsque
993 876 1098 921 adeo
1126 894 1167 922 se
1197 892 1345 921 onnus
1375 892 1452 920 xe-

68 948 177 993 nisse
200 947 231 991 C
240 948 528 1007 aithaginem
552 959 599 993 ut·
618 966 696 993 nec
718 966 766 1008 gr
770 950 990 995 :uissimos
1012 965 1128 993 senes
1146 958 1250 993 [tls
1270 957 1311 991 et
1327 934 1454 991 labor

68 1018 262 1081 potuerit
285 1018 355 1063 det
361 1036 514 1075 elrtr‚e
537 1037 732 1082 eosquos
717 1019 1128 1073 solosnonxenisse
1152 1035 1288 1081 quost
1278 1016 1454 1062 mulsei-sa

68 1089 274 1136 valetudo
311 1091 354 1135 in
389 1091 474 1135 suis
511 1091 684 1136 sedibus
710 1091 775 1136 vel
811 1091 855 1136 in
892 1091 1044 1135 itinere
1080 1090 1295 1135 tenuisset.
1342 1088 1453 1132 Sane

68 1171 250 1223 propter
285 1162 517 1206 cathedras
537 1199 546 1215 ,
578 1179 685 1223 quas
720 1163 936 1224 episcopis
968 1178 1126 1205 vacuas
1159 1158 1278 1223 apud
1306 1176 1347 1203 se
1369 1174 1454 1203 esse

71 1231 300 1283 dixerunt,
340 1249 591 1294 responsum
629 1243 691 1275 est
730 1233 860 1276 etiam
902 1250 920 1277 a
958 1230 1200 1277 Catholicis
1240 1229 1454 1287 sexaginta

70 1318 172 1357 esse,
194 1302 357 1366 quihus
380 1319 640 1347 successores
667 1301 859 1365 episcopi
880 1301 1076 1346 nondum
1090 1301 1258 1346 fuerant
1273 1299 1454 1345 ordina-

72 1372 118 1418 ti.
144 1374 201 1417 Ac
221 1390 295 1436 per
320 1373 405 1418 hoc
428 1373 470 1418 in
500 1373 590 1418 istis
620 1374 844 1436 utrius‹ple
870 1373 1004 1435 partis
1031 1371 1453 1434 subscriptionibus,

72 1453 114 1489 et
132 1442 335 1489 falsitates
367 1444 410 1489 in
438 1444 678 1489 Donatistis
700 1444 895 1489 constitit
922 1444 1047 1489 fuisse
1068 1443 1387 1506 deprehensas,
1416 1450 1458 1484 et

73 1532 220 1560 eornm
247 1533 475 1560 numerum
493 1517 799 1579 ‹miseoporum
822 1516 1058 1567 minorem;
1095 1512 1454 1578 (piandoqnidem

74 1586 150 1631 soli
177 1587 325 1645 fegroti
354 1604 438 1631 non
459 1598 663 1631 venerant
686 1587 1013 1645 Carthaginem.
1031 1603 1111 1648 pro
1130 1586 1291 1647 quibus
1313 1594 1456 1627 tamen

75 1658 118 1702 in
134 1658 284 1702 itincre
298 1659 610 1717 aegrotantihus
635 1658 703 1703 alii
729 1658 1092 1720 subscripserant,
1113 1668 1150 1701 et
1169 1655 1364 1701 omnium
1377 1670 1458 1697 no·-

75 1729 191 1776 mina
219 1746 317 1774 eum
341 1730 446 1792 ipsis
469 1730 596 1774 etiam
615 1747 693 1792 pro
715 1729 876 1792 quibus
902 1728 972 1774 alii
993 1729 1356 1790 subscripserant,
1378 1724 1458 1770 du-

77 1811 201 1845 centa
229 1801 679 1863 septuaginta-nox'em
707 1801 972 1863 subscriptio
997 1800 1251 1845 continebat
1279 1815 1288 1842 :
1319 1794 1485 1858 neque'

78 1870 166 1916 ullo
195 1871 326 1916 modo
346 1871 554 1917 credibile
582 1875 635 1917 sit
652 1909 662 1925 ,
689 1872 826 1917 multo
852 1872 998 1934 plures
1022 1888 1156 1934 quam
1182 1880 1357 1915 centum
1390 1867 1459 1912 vi-

79 1942 203 2002 ginti‚
226 1942 311 1988 hoc
330 1954 407 1999 est,
435 1945 601 1989 tertiam
622 1955 790 2006 partem
814 1945 1009 1989 omnium
1036 1960 1185 1988 eorum
1210 1942 1255 1987 in
1286 1940 1372 1986 suis
1399 1955 1460 1984 se-

79 2012 210 2058 dibus
233 2025 458 2074 aegrotasse
483 2016 499 2043 ‘2
530 2016 720 2079 potuisse
737 2053 746 2070 ‚
773 2026 814 2061 et
838 2015 934 2060 ideo
955 2031 1042 2060 non
1074 2014 1241 2060 venisse
1264 2010 1460 2059 Cartha·-

81 2101 236 2144 ginem.

145 2155 263 2201 XVI.
300 2155 667 2211 Quinto-decimo
695 2156 792 2201 loco
827 2155 1000 2214 egressis
1032 2153 1237 2200 omnihus
1272 2150 1460 2215 quijam

81 2225 304 2288 superfluo
329 2237 561 2288 paesentes
582 2237 702 2271 erant
721 2263 730 2280 ‚
754 2236 794 2270 et
818 2224 1145 2269 remanentibus
1167 2224 1226 2268 eis
1251 2238 1359 2284 quos
1378 2236 1457 2264 ne-

83 2295 283 2340 cessarios
307 2296 475 2358 utrique
495 2296 755 2356 delogerant,
776 2296 820 2340 in
837 2294 1123 2358 perendinum
1142 2293 1259 2339 diem
1274 2290 1461 2336 Collatio

83 2365 215 2412 dilata
235 2378 297 2412 est
314 2405 324 2421 ,
354 2378 638 2431 utrorumque
664 2383 876 2413 consensu
892 2403 901 2415 .
930 2366 1139 2429 quoniam
1159 2364 1249 2410 dies
1271 2379 1461 2426 praesens

79 2440 171 2496 jam
190 2437 429 2483 videbatur
448 2455 658 2484 emensus.

141 2532 149 2552 ¹
167 2535 260 2563 For-ce
279 2540 380 2564 essent
399 2534 553 2576 impediti.
574 2552 615 2557 -
637 2532 652 2555 2
665 2536 758 2564 Forte
776 2539 940 2575 zegrotare.
