<?xml version="1.0" encoding="UTF-8"?>
<!DOCTYPE html PUBLIC "-//W3C//DTD XHTML 1.0 Transitional//EN"
    "http://www.w3.org/TR/xhtml1/DTD/xhtml1-transitional.dtd">
<html xmlns="http://www.w3.org/1999/xhtml" xml:lang="en" lang="en">
 <head>
  <title>
</title>
<meta http-equiv="Content-Type" content="text/html;charset=utf-8" />
  <meta name='ocr-system' content='tesseract 3.04.00' />
  <meta name='ocr-capabilities' content='ocr_page ocr_carea ocr_par ocr_line ocrx_word'/>
</head>
<body>
  <div class='ocr_page' id='page_1' title='image "./operaomniaaccura33auguuoft_0153.png"; bbox 0 0 1763 2838; ppageno 0'>
   <div class='ocr_carea' id='block_1_1' title="bbox 344 216 1462 274">
    <p class='ocr_par' dir='ltr' id='par_1_1' title="bbox 344 216 1462 274">
     <span class='ocr_line' id='line_1_1' title="bbox 344 216 1462 274; baseline 0.002 -12"><span class='ocrx_word' id='word_1_1' title='bbox 344 231 399 261; x_wconf 80' lang='lat' dir='ltr'>Au</span> <span class='ocrx_word' id='word_1_2' title='bbox 435 227 706 262; x_wconf 76' lang='lat' dir='ltr'>DONArisTAs</span> <span class='ocrx_word' id='word_1_3' title='bbox 743 226 850 262; x_wconf 69' lang='lat' dir='ltr'>&#39;Posr</span> <span class='ocrx_word' id='word_1_4' title='bbox 885 231 1212 264; x_wconf 63' lang='lat' dir='ltr'>conmmanit.</span> <span class='ocrx_word' id='word_1_5' title='bbox 1377 216 1462 274; x_wconf 67' lang='lat'>143</span> 
     </span>
    </p>
   </div>
   <div class='ocr_carea' id='block_1_2' title="bbox 90 295 1508 2556">
    <p class='ocr_par' dir='ltr' id='par_1_2' title="bbox 90 295 1483 1492">
     <span class='ocr_line' id='line_1_2' title="bbox 90 295 1466 362; baseline 0.001 -19"><span class='ocrx_word' id='word_1_6' title='bbox 90 295 270 343; x_wconf 82' lang='lat' dir='ltr'>confessi</span> <span class='ocrx_word' id='word_1_7' title='bbox 288 305 388 343; x_wconf 84' lang='lat' dir='ltr'>sunt</span> <span class='ocrx_word' id='word_1_8' title='bbox 414 313 501 343; x_wconf 89' lang='lat' dir='ltr'>non</span> <span class='ocrx_word' id='word_1_9' title='bbox 523 297 737 361; x_wconf 88' lang='lat' dir='ltr'>pollutam</span> <span class='ocrx_word' id='word_1_10' title='bbox 763 298 943 344; x_wconf 87' lang='lat' dir='ltr'>crimine</span> <span class='ocrx_word' id='word_1_11' title='bbox 965 296 1189 354; x_wconf 83' lang='lat' dir='ltr'>Afrorum,</span> <span class='ocrx_word' id='word_1_12' title='bbox 1211 298 1410 362; x_wconf 72' lang='lat' dir='ltr'>quamvis</span> <span class='ocrx_word' id='word_1_13' title='bbox 1429 299 1466 344; x_wconf 87' lang='lat' dir='ltr'>ei</span> 
     </span>
     <span class='ocr_line' id='line_1_3' title="bbox 90 369 1466 430; baseline 0.001 -16"><span class='ocrx_word' id='word_1_14' title='bbox 90 378 456 414; x_wconf 84' lang='lat' dir='ltr'>sacramentorum</span> <span class='ocrx_word' id='word_1_15' title='bbox 472 369 778 415; x_wconf 85' lang='lat' dir='ltr'>communione</span> <span class='ocrx_word' id='word_1_16' title='bbox 802 369 1046 415; x_wconf 86' lang='lat' dir='ltr'>socientur:</span> <span class='ocrx_word' id='word_1_17' title='bbox 1071 369 1134 415; x_wconf 91' lang='lat' dir='ltr'>ibi</span> <span class='ocrx_word' id='word_1_18' title='bbox 1153 386 1252 430; x_wconf 81' lang='lat' dir='ltr'>ergo</span> <span class='ocrx_word' id='word_1_19' title='bbox 1276 370 1466 416; x_wconf 76' lang='lat' dir='ltr'>convicti</span> 
     </span>
     <span class='ocr_line' id='line_1_4' title="bbox 91 439 1464 504; baseline 0.001 -20"><span class='ocrx_word' id='word_1_20' title='bbox 91 449 191 485; x_wconf 84' lang='lat' dir='ltr'>sunt</span> <span class='ocrx_word' id='word_1_21' title='bbox 201 456 280 485; x_wconf 86' lang='lat' dir='ltr'>nec</span> <span class='ocrx_word' id='word_1_22' title='bbox 292 456 370 485; x_wconf 91' lang='lat' dir='ltr'>nos</span> <span class='ocrx_word' id='word_1_23' title='bbox 384 439 521 503; x_wconf 81' lang='lat' dir='ltr'>pollui</span> <span class='ocrx_word' id='word_1_24' title='bbox 535 440 724 504; x_wconf 87' lang='lat' dir='ltr'>potuisse</span> <span class='ocrx_word' id='word_1_25' title='bbox 742 441 922 486; x_wconf 85' lang='lat' dir='ltr'>crimine</span> <span class='ocrx_word' id='word_1_26' title='bbox 937 439 1130 496; x_wconf 87' lang='lat' dir='ltr'>illorum,</span> <span class='ocrx_word' id='word_1_27' title='bbox 1149 440 1311 503; x_wconf 80' lang='lat' dir='ltr'>quibus</span> <span class='ocrx_word' id='word_1_28' title='bbox 1326 457 1464 486; x_wconf 91' lang='lat' dir='ltr'>sacra-</span> 
     </span>
     <span class='ocr_line' id='line_1_5' title="bbox 90 510 1470 573; baseline 0.001 -18"><span class='ocrx_word' id='word_1_29' title='bbox 90 520 336 556; x_wconf 85' lang='lat' dir='ltr'>mentorum</span> <span class='ocrx_word' id='word_1_30' title='bbox 371 510 681 556; x_wconf 84' lang='lat' dir='ltr'>communione</span> <span class='ocrx_word' id='word_1_31' title='bbox 716 511 948 565; x_wconf 81' lang='lat' dir='ltr'>sociamur,</span> <span class='ocrx_word' id='word_1_32' title='bbox 974 511 1075 573; x_wconf 84' lang='lat' dir='ltr'>quia</span> <span class='ocrx_word' id='word_1_33' title='bbox 1094 511 1215 557; x_wconf 90' lang='lat' dir='ltr'>nullo</span> <span class='ocrx_word' id='word_1_34' title='bbox 1235 529 1343 557; x_wconf 77' lang='lat' dir='ltr'>nexu</span> <span class='ocrx_word' id='word_1_35' title='bbox 1367 529 1470 557; x_wconf 90' lang='lat' dir='ltr'>con-</span> 
     </span>
     <span class='ocr_line' id='line_1_6' title="bbox 92 579 1471 645; baseline 0.001 -19"><span class='ocrx_word' id='word_1_36' title='bbox 92 579 586 628; x_wconf 85' lang='lat' dir='ltr'>sensionisinvolvimur.</span> <span class='ocrx_word' id='word_1_37' title='bbox 605 581 867 645; x_wconf 74' lang='lat' dir='ltr'>Quanquam</span> <span class='ocrx_word' id='word_1_38' title='bbox 881 591 922 626; x_wconf 90' lang='lat' dir='ltr'>et</span> <span class='ocrx_word' id='word_1_39' title='bbox 935 581 1070 644; x_wconf 88' lang='lat' dir='ltr'>ipsius</span> <span class='ocrx_word' id='word_1_40' title='bbox 1085 581 1471 629; x_wconf 64' lang='lat' dir='ltr'>Caecilianixictrix</span> 
     </span>
     <span class='ocr_line' id='line_1_7' title="bbox 92 649 1470 698; baseline 0.001 -2"><span class='ocrx_word' id='word_1_41' title='bbox 92 667 219 696; x_wconf 85' lang='lat' dir='ltr'>causa</span> <span class='ocrx_word' id='word_1_42' title='bbox 243 649 403 696; x_wconf 88' lang='lat' dir='ltr'>eisdem</span> <span class='ocrx_word' id='word_1_43' title='bbox 427 651 569 697; x_wconf 79' lang='lat' dir='ltr'>verbis</span> <span class='ocrx_word' id='word_1_44' title='bbox 592 652 772 697; x_wconf 88' lang='lat' dir='ltr'>istorum</span> <span class='ocrx_word' id='word_1_45' title='bbox 815 650 1020 696; x_wconf 86' lang='lat' dir='ltr'>facillime</span> <span class='ocrx_word' id='word_1_46' title='bbox 1057 650 1391 698; x_wconf 83' lang='lat' dir='ltr'>demonstratur.</span> <span class='ocrx_word' id='word_1_47' title='bbox 1426 652 1470 698; x_wconf 82' lang='lat' dir='ltr'>Si</span> 
     </span>
     <span class='ocr_line' id='line_1_8' title="bbox 91 720 1472 784; baseline 0 -17"><span class='ocrx_word' id='word_1_48' title='bbox 91 721 206 768; x_wconf 89' lang='lat' dir='ltr'>enim</span> <span class='ocrx_word' id='word_1_49' title='bbox 229 721 564 781; x_wconf 81' lang='lat' dir='ltr'>confligentibus</span> <span class='ocrx_word' id='word_1_50' title='bbox 587 722 714 767; x_wconf 90' lang='lat' dir='ltr'>nobis</span> <span class='ocrx_word' id='word_1_51' title='bbox 735 731 959 784; x_wconf 77' lang='lat' dir='ltr'>expectare</span> <span class='ocrx_word' id='word_1_52' title='bbox 976 720 1105 766; x_wconf 87' lang='lat' dir='ltr'>debet</span> <span class='ocrx_word' id='word_1_53' title='bbox 1120 720 1311 766; x_wconf 79' lang='lat' dir='ltr'>Ecclesia</span> <span class='ocrx_word' id='word_1_54' title='bbox 1339 733 1472 767; x_wconf 86' lang='lat' dir='ltr'>trans-</span> 
     </span>
     <span class='ocr_line' id='line_1_9' title="bbox 92 791 1472 856; baseline 0.001 -19"><span class='ocrx_word' id='word_1_55' title='bbox 92 793 258 838; x_wconf 89' lang='lat' dir='ltr'>marina</span> <span class='ocrx_word' id='word_1_56' title='bbox 273 791 328 837; x_wconf 87' lang='lat' dir='ltr'>ab</span> <span class='ocrx_word' id='word_1_57' title='bbox 345 792 435 838; x_wconf 88' lang='lat' dir='ltr'>istis</span> <span class='ocrx_word' id='word_1_58' title='bbox 459 793 719 838; x_wconf 84' lang='lat' dir='ltr'>criminibus</span> <span class='ocrx_word' id='word_1_59' title='bbox 735 792 891 848; x_wconf 73' lang='lat' dir='ltr'>aliena,</span> <span class='ocrx_word' id='word_1_60' title='bbox 921 802 967 837; x_wconf 87' lang='lat' dir='ltr'>ut</span> <span class='ocrx_word' id='word_1_61' title='bbox 983 809 1051 837; x_wconf 88' lang='lat' dir='ltr'>eos</span> <span class='ocrx_word' id='word_1_62' title='bbox 1065 791 1141 856; x_wconf 84' lang='lat' dir='ltr'>qui</span> <span class='ocrx_word' id='word_1_63' title='bbox 1162 792 1362 848; x_wconf 79' lang='lat' dir='ltr'>vicerint,</span> <span class='ocrx_word' id='word_1_64' title='bbox 1389 792 1472 838; x_wconf 90' lang='lat' dir='ltr'>sibi</span> 
     </span>
     <span class='ocr_line' id='line_1_10' title="bbox 93 861 1472 926; baseline 0 -18"><span class='ocrx_word' id='word_1_65' title='bbox 93 873 135 908; x_wconf 92' lang='lat' dir='ltr'>et</span> <span class='ocrx_word' id='word_1_66' title='bbox 160 861 376 908; x_wconf 86' lang='lat' dir='ltr'>catholico</span> <span class='ocrx_word' id='word_1_67' title='bbox 406 863 572 908; x_wconf 87' lang='lat' dir='ltr'>nomini</span> <span class='ocrx_word' id='word_1_68' title='bbox 599 862 830 923; x_wconf 78' lang='lat' dir='ltr'>adjungat3</span> <span class='ocrx_word' id='word_1_69' title='bbox 858 873 963 908; x_wconf 86' lang='lat' dir='ltr'>tunc</span> <span class='ocrx_word' id='word_1_70' title='bbox 989 862 1260 926; x_wconf 77' lang='lat' dir='ltr'>expectabat,</span> <span class='ocrx_word' id='word_1_71' title='bbox 1295 861 1472 926; x_wconf 87' lang='lat' dir='ltr'>quando</span> 
     </span>
     <span class='ocr_line' id='line_1_11' title="bbox 93 933 1474 994; baseline -0.001 -15"><span class='ocrx_word' id='word_1_72' title='bbox 93 937 277 994; x_wconf 86' lang='lat' dir='ltr'>majores</span> <span class='ocrx_word' id='word_1_73' title='bbox 292 934 473 980; x_wconf 91' lang='lat' dir='ltr'>istorum</span> <span class='ocrx_word' id='word_1_74' title='bbox 494 951 595 980; x_wconf 92' lang='lat' dir='ltr'>cum</span> <span class='ocrx_word' id='word_1_75' title='bbox 622 934 858 980; x_wconf 64' lang='lat' dir='ltr'>Caeciliano</span> <span class='ocrx_word' id='word_1_76' title='bbox 884 934 1040 979; x_wconf 84' lang='lat' dir='ltr'>acriter</span> <span class='ocrx_word' id='word_1_77' title='bbox 1058 933 1367 993; x_wconf 77' lang='lat' dir='ltr'>confligebant.</span> <span class='ocrx_word' id='word_1_78' title='bbox 1397 934 1474 979; x_wconf 90' lang='lat' dir='ltr'>lllc</span> 
     </span>
     <span class='ocr_line' id='line_1_12' title="bbox 95 1003 1475 1067; baseline 0 -18"><span class='ocrx_word' id='word_1_79' title='bbox 95 1020 194 1064; x_wconf 81' lang='lat' dir='ltr'>ergo</span> <span class='ocrx_word' id='word_1_80' title='bbox 222 1015 326 1050; x_wconf 90' lang='lat' dir='ltr'>tunc</span> <span class='ocrx_word' id='word_1_81' title='bbox 344 1004 466 1061; x_wconf 81' lang='lat' dir='ltr'>vicit,</span> <span class='ocrx_word' id='word_1_82' title='bbox 497 1021 626 1067; x_wconf 83' lang='lat' dir='ltr'>quem</span> <span class='ocrx_word' id='word_1_83' title='bbox 661 1004 743 1050; x_wconf 89' lang='lat' dir='ltr'>sibi</span> <span class='ocrx_word' id='word_1_84' title='bbox 769 1016 866 1067; x_wconf 85' lang='lat' dir='ltr'>post</span> <span class='ocrx_word' id='word_1_85' title='bbox 892 1004 1147 1049; x_wconf 74' lang='lat' dir='ltr'>conflictum</span> <span class='ocrx_word' id='word_1_86' title='bbox 1175 1003 1249 1049; x_wconf 87' lang='lat' dir='ltr'>illa</span> <span class='ocrx_word' id='word_1_87' title='bbox 1271 1021 1370 1067; x_wconf 76' lang='lat' dir='ltr'>quae,</span> <span class='ocrx_word' id='word_1_88' title='bbox 1389 1004 1475 1049; x_wconf 90' lang='lat' dir='ltr'>hoc</span> 
     </span>
     <span class='ocr_line' id='line_1_13' title="bbox 95 1073 1478 1138; baseline -0.001 -18"><span class='ocrx_word' id='word_1_89' title='bbox 95 1085 391 1138; x_wconf 76' lang='lat' dir='ltr'>expectaverat</span> <span class='ocrx_word' id='word_1_90' title='bbox 420 1074 657 1138; x_wconf 79' lang='lat' dir='ltr'>copulavit.</span> <span class='ocrx_word' id='word_1_91' title='bbox 692 1076 778 1120; x_wconf 76' lang='lat' dir='ltr'>Aut</span> <span class='ocrx_word' id='word_1_92' title='bbox 803 1076 835 1119; x_wconf 87' lang='lat' dir='ltr'>si</span> <span class='ocrx_word' id='word_1_93' title='bbox 856 1074 1002 1137; x_wconf 88' lang='lat' dir='ltr'>potuit</span> <span class='ocrx_word' id='word_1_94' title='bbox 1023 1084 1062 1119; x_wconf 88' lang='lat' dir='ltr'>et</span> <span class='ocrx_word' id='word_1_95' title='bbox 1088 1073 1305 1137; x_wconf 85' lang='lat' dir='ltr'>pollutum</span> <span class='ocrx_word' id='word_1_96' title='bbox 1326 1074 1409 1120; x_wconf 92' lang='lat' dir='ltr'>sibi</span> <span class='ocrx_word' id='word_1_97' title='bbox 1433 1075 1478 1120; x_wconf 88' lang='lat' dir='ltr'>in</span> 
     </span>
     <span class='ocr_line' id='line_1_14' title="bbox 96 1144 1479 1207; baseline -0.001 -17"><span class='ocrx_word' id='word_1_98' title='bbox 96 1155 465 1191; x_wconf 86' lang='lat' dir='ltr'>sacramentorum</span> <span class='ocrx_word' id='word_1_99' title='bbox 489 1145 794 1190; x_wconf 79' lang='lat' dir='ltr'>communione</span> <span class='ocrx_word' id='word_1_100' title='bbox 813 1144 1035 1207; x_wconf 83' lang='lat' dir='ltr'>copulare,</span> <span class='ocrx_word' id='word_1_101' title='bbox 1063 1155 1104 1189; x_wconf 92' lang='lat' dir='ltr'>ct</span> <span class='ocrx_word' id='word_1_102' title='bbox 1126 1145 1237 1189; x_wconf 84' lang='lat' dir='ltr'>sicut</span> <span class='ocrx_word' id='word_1_103' title='bbox 1255 1147 1346 1204; x_wconf 88' lang='lat' dir='ltr'>jam</span> <span class='ocrx_word' id='word_1_104' title='bbox 1369 1162 1479 1190; x_wconf 84' lang='lat' dir='ltr'>con-</span> 
     </span>
     <span class='ocr_line' id='line_1_15' title="bbox 97 1212 1479 1278; baseline 0 -17"><span class='ocrx_word' id='word_1_105' title='bbox 97 1212 193 1261; x_wconf 86' lang='lat' dir='ltr'>fessi</span> <span class='ocrx_word' id='word_1_106' title='bbox 219 1226 335 1268; x_wconf 76' lang='lat' dir='ltr'>sum,</span> <span class='ocrx_word' id='word_1_107' title='bbox 355 1216 410 1261; x_wconf 84' lang='lat' dir='ltr'>ab</span> <span class='ocrx_word' id='word_1_108' title='bbox 434 1216 503 1261; x_wconf 90' lang='lat' dir='ltr'>his</span> <span class='ocrx_word' id='word_1_109' title='bbox 524 1215 782 1261; x_wconf 85' lang='lat' dir='ltr'>criminibus</span> <span class='ocrx_word' id='word_1_110' title='bbox 801 1215 1031 1278; x_wconf 86' lang='lat' dir='ltr'>impolluta</span> <span class='ocrx_word' id='word_1_111' title='bbox 1064 1214 1312 1278; x_wconf 87' lang='lat' dir='ltr'>persisterc;</span> <span class='ocrx_word' id='word_1_112' title='bbox 1340 1214 1479 1261; x_wconf 87' lang='lat' dir='ltr'>multo</span> 
     </span>
     <span class='ocr_line' id='line_1_16' title="bbox 97 1285 1481 1349; baseline 0 -17"><span class='ocrx_word' id='word_1_113' title='bbox 97 1286 233 1346; x_wconf 80' lang='lat' dir='ltr'>magis</span> <span class='ocrx_word' id='word_1_114' title='bbox 250 1286 434 1333; x_wconf 68' lang='lat' dir='ltr'>vicimus</span> <span class='ocrx_word' id='word_1_115' title='bbox 460 1286 566 1331; x_wconf 88' lang='lat' dir='ltr'>hinc</span> <span class='ocrx_word' id='word_1_116' title='bbox 590 1285 862 1331; x_wconf 83' lang='lat' dir='ltr'>ostendentes</span> <span class='ocrx_word' id='word_1_117' title='bbox 880 1286 1112 1349; x_wconf 83' lang='lat' dir='ltr'>proprium</span> <span class='ocrx_word' id='word_1_118' title='bbox 1136 1303 1244 1331; x_wconf 90' lang='lat' dir='ltr'>onus</span> <span class='ocrx_word' id='word_1_119' title='bbox 1264 1302 1481 1349; x_wconf 84' lang='lat' dir='ltr'>quemque</span> 
     </span>
     <span class='ocr_line' id='line_1_17' title="bbox 99 1356 1483 1420; baseline 0 -18"><span class='ocrx_word' id='word_1_120' title='bbox 99 1367 292 1420; x_wconf 85' lang='lat' dir='ltr'>portare,</span> <span class='ocrx_word' id='word_1_121' title='bbox 314 1367 354 1402; x_wconf 93' lang='lat' dir='ltr'>et</span> <span class='ocrx_word' id='word_1_122' title='bbox 374 1374 453 1402; x_wconf 89' lang='lat' dir='ltr'>nec</span> <span class='ocrx_word' id='word_1_123' title='bbox 466 1373 639 1402; x_wconf 88' lang='lat' dir='ltr'>causam</span> <span class='ocrx_word' id='word_1_124' title='bbox 658 1372 817 1411; x_wconf 66' lang='lat' dir='ltr'>causte,</span> <span class='ocrx_word' id='word_1_125' title='bbox 844 1374 922 1402; x_wconf 87' lang='lat' dir='ltr'>nec</span> <span class='ocrx_word' id='word_1_126' title='bbox 941 1373 1169 1419; x_wconf 84' lang='lat' dir='ltr'>personam</span> <span class='ocrx_word' id='word_1_127' title='bbox 1194 1356 1483 1420; x_wconf 72' lang='lat' dir='ltr'>praejtidicarc</span> 
     </span>
     <span class='ocr_line' id='line_1_18' title="bbox 101 1443 312 1492; baseline 0.005 -18"><span class='ocrx_word' id='word_1_128' title='bbox 101 1443 312 1492; x_wconf 59' lang='lat' dir='ltr'>personae.</span> 
     </span>
    </p>

    <p class='ocr_par' dir='ltr' id='par_1_3' title="bbox 92 1497 1508 2556">
     <span class='ocr_line' id='line_1_19' title="bbox 167 1497 1482 1554; baseline -0.002 -10"><span class='ocrx_word' id='word_1_129' title='bbox 167 1498 327 1545; x_wconf 76' lang='lat' dir='ltr'><strong>XLIX.</strong></span> <span class='ocrx_word' id='word_1_130' title='bbox 358 1498 560 1544; x_wconf 77' lang='lat' dir='ltr'>Jamvero</span> <span class='ocrx_word' id='word_1_131' title='bbox 598 1509 645 1543; x_wconf 91' lang='lat' dir='ltr'>ut</span> <span class='ocrx_word' id='word_1_132' title='bbox 675 1497 880 1543; x_wconf 83' lang='lat' dir='ltr'>mandato</span> <span class='ocrx_word' id='word_1_133' title='bbox 917 1509 1090 1554; x_wconf 83' lang='lat' dir='ltr'>nostro,</span> <span class='ocrx_word' id='word_1_134' title='bbox 1139 1498 1215 1543; x_wconf 88' lang='lat' dir='ltr'>ubi</span> <span class='ocrx_word' id='word_1_135' title='bbox 1241 1499 1482 1543; x_wconf 78' lang='lat' dir='ltr'>universam</span> 
     </span>
     <span class='ocr_line' id='line_1_20' title="bbox 92 1567 1484 1632; baseline -0.001 -16"><span class='ocrx_word' id='word_1_136' title='bbox 92 1585 279 1616; x_wconf 82' lang='lat' dir='ltr'>causam</span> <span class='ocrx_word' id='word_1_137' title='bbox 307 1567 517 1631; x_wconf 83' lang='lat' dir='ltr'>complexi</span> <span class='ocrx_word' id='word_1_138' title='bbox 551 1567 784 1614; x_wconf 75' lang='lat' dir='ltr'>fueramus,</span> <span class='ocrx_word' id='word_1_139' title='bbox 830 1586 907 1613; x_wconf 88' lang='lat' dir='ltr'>nec</span> <span class='ocrx_word' id='word_1_140' title='bbox 936 1569 1172 1632; x_wconf 79' lang='lat' dir='ltr'>repentinis</span> <span class='ocrx_word' id='word_1_141' title='bbox 1214 1568 1384 1624; x_wconf 80' lang='lat' dir='ltr'>verbis,</span> <span class='ocrx_word' id='word_1_142' title='bbox 1411 1568 1484 1614; x_wconf 86' lang='lat' dir='ltr'>sed</span> 
     </span>
     <span class='ocr_line' id='line_1_21' title="bbox 107 1639 1486 1703; baseline -0.003 -15"><span class='ocrx_word' id='word_1_143' title='bbox 107 1639 363 1703; x_wconf 83' lang='lat' dir='ltr'>conscriptis</span> <span class='ocrx_word' id='word_1_144' title='bbox 378 1640 531 1685; x_wconf 86' lang='lat' dir='ltr'>litteris</span> <span class='ocrx_word' id='word_1_145' title='bbox 548 1639 899 1703; x_wconf 79' lang='lat' dir='ltr'>respondendum</span> <span class='ocrx_word' id='word_1_146' title='bbox 922 1649 1145 1702; x_wconf 73' lang='lat' dir='ltr'>putarent,</span> <span class='ocrx_word' id='word_1_147' title='bbox 1171 1639 1321 1701; x_wconf 89' lang='lat' dir='ltr'>quanti</span> <span class='ocrx_word' id='word_1_148' title='bbox 1336 1656 1486 1684; x_wconf 87' lang='lat' dir='ltr'>emen-</span> 
     </span>
     <span class='ocr_line' id='line_1_22' title="bbox 107 1708 1488 1772; baseline -0.003 -14"><span class='ocrx_word' id='word_1_149' title='bbox 107 1711 214 1758; x_wconf 83' lang='lat' dir='ltr'>dum</span> <span class='ocrx_word' id='word_1_150' title='bbox 237 1709 354 1757; x_wconf 59' lang='lat' dir='ltr'>fuit?</span> <span class='ocrx_word' id='word_1_151' title='bbox 381 1709 450 1756; x_wconf 82' lang='lat' dir='ltr'>Sic</span> <span class='ocrx_word' id='word_1_152' title='bbox 465 1710 580 1756; x_wconf 89' lang='lat' dir='ltr'>enim</span> <span class='ocrx_word' id='word_1_153' title='bbox 604 1710 797 1754; x_wconf 86' lang='lat' dir='ltr'>constitit</span> <span class='ocrx_word' id='word_1_154' title='bbox 814 1726 882 1754; x_wconf 89' lang='lat' dir='ltr'>eos</span> <span class='ocrx_word' id='word_1_155' title='bbox 907 1708 1168 1772; x_wconf 86' lang='lat' dir='ltr'>respondere</span> <span class='ocrx_word' id='word_1_156' title='bbox 1186 1725 1272 1754; x_wconf 91' lang='lat' dir='ltr'>non</span> <span class='ocrx_word' id='word_1_157' title='bbox 1295 1709 1488 1772; x_wconf 88' lang='lat' dir='ltr'>potuisse</span> 
     </span>
     <span class='ocr_line' id='line_1_23' title="bbox 108 1779 1488 1845; baseline -0.002 -16"><span class='ocrx_word' id='word_1_158' title='bbox 108 1782 178 1829; x_wconf 83' lang='lat' dir='ltr'>his</span> <span class='ocrx_word' id='word_1_159' title='bbox 200 1782 421 1837; x_wconf 72' lang='lat' dir='ltr'>omnibus,</span> <span class='ocrx_word' id='word_1_160' title='bbox 450 1798 550 1845; x_wconf 79' lang='lat' dir='ltr'>quae</span> <span class='ocrx_word' id='word_1_161' title='bbox 584 1780 626 1826; x_wconf 88' lang='lat' dir='ltr'>in</span> <span class='ocrx_word' id='word_1_162' title='bbox 653 1791 798 1826; x_wconf 87' lang='lat' dir='ltr'>nostro</span> <span class='ocrx_word' id='word_1_163' title='bbox 822 1779 1027 1826; x_wconf 82' lang='lat' dir='ltr'>mandato</span> <span class='ocrx_word' id='word_1_164' title='bbox 1061 1780 1219 1843; x_wconf 85' lang='lat' dir='ltr'>posita,</span> <span class='ocrx_word' id='word_1_165' title='bbox 1246 1797 1325 1826; x_wconf 88' lang='lat' dir='ltr'>nec</span> <span class='ocrx_word' id='word_1_166' title='bbox 1353 1781 1488 1826; x_wconf 86' lang='lat' dir='ltr'>attin-</span> 
     </span>
     <span class='ocr_line' id='line_1_24' title="bbox 111 1851 1490 1916; baseline -0.003 -15"><span class='ocrx_word' id='word_1_167' title='bbox 111 1872 207 1916; x_wconf 81' lang='lat' dir='ltr'>gere</span> <span class='ocrx_word' id='word_1_168' title='bbox 221 1854 398 1900; x_wconf 89' lang='lat' dir='ltr'>omnino</span> <span class='ocrx_word' id='word_1_169' title='bbox 413 1853 500 1899; x_wconf 86' lang='lat' dir='ltr'>suis</span> <span class='ocrx_word' id='word_1_170' title='bbox 516 1852 667 1899; x_wconf 90' lang='lat' dir='ltr'>litteris</span> <span class='ocrx_word' id='word_1_171' title='bbox 681 1853 924 1899; x_wconf 70' lang='lat' dir='ltr'>voluerunt.</span> <span class='ocrx_word' id='word_1_172' title='bbox 957 1853 1105 1915; x_wconf 70' lang='lat' dir='ltr'>Neque</span> <span class='ocrx_word' id='word_1_173' title='bbox 1119 1851 1232 1896; x_wconf 87' lang='lat' dir='ltr'>enim</span> <span class='ocrx_word' id='word_1_174' title='bbox 1250 1862 1390 1915; x_wconf 87' lang='lat' dir='ltr'>potest</span> <span class='ocrx_word' id='word_1_175' title='bbox 1415 1852 1490 1898; x_wconf 88' lang='lat' dir='ltr'>ali-</span> 
     </span>
     <span class='ocr_line' id='line_1_25' title="bbox 112 1922 1486 1988; baseline -0.002 -17"><span class='ocrx_word' id='word_1_176' title='bbox 112 1925 209 1988; x_wconf 89' lang='lat' dir='ltr'>quis</span> <span class='ocrx_word' id='word_1_177' title='bbox 228 1924 394 1980; x_wconf 82' lang='lat' dir='ltr'>dicere,</span> <span class='ocrx_word' id='word_1_178' title='bbox 430 1923 777 1987; x_wconf 88' lang='lat' dir='ltr'>prosecutionem</span> <span class='ocrx_word' id='word_1_179' title='bbox 804 1933 995 1968; x_wconf 85' lang='lat' dir='ltr'>nostram</span> <span class='ocrx_word' id='word_1_180' title='bbox 1021 1922 1268 1968; x_wconf 81' lang='lat' dir='ltr'>memoriter</span> <span class='ocrx_word' id='word_1_181' title='bbox 1291 1940 1361 1968; x_wconf 87' lang='lat' dir='ltr'>eos</span> <span class='ocrx_word' id='word_1_182' title='bbox 1399 1941 1486 1969; x_wconf 83' lang='lat' dir='ltr'>non</span> 
     </span>
     <span class='ocr_line' id='line_1_26' title="bbox 113 1993 1490 2059; baseline -0.003 -17"><span class='ocrx_word' id='word_1_183' title='bbox 113 1995 303 2059; x_wconf 83' lang='lat' dir='ltr'>potuisse</span> <span class='ocrx_word' id='word_1_184' title='bbox 327 1995 526 2051; x_wconf 82' lang='lat' dir='ltr'>retinere,</span> <span class='ocrx_word' id='word_1_185' title='bbox 554 2005 594 2040; x_wconf 87' lang='lat' dir='ltr'>et</span> <span class='ocrx_word' id='word_1_186' title='bbox 620 2004 850 2057; x_wconf 88' lang='lat' dir='ltr'>propterea</span> <span class='ocrx_word' id='word_1_187' title='bbox 872 1993 1002 2038; x_wconf 88' lang='lat' dir='ltr'>rebus</span> <span class='ocrx_word' id='word_1_188' title='bbox 1016 1993 1261 2038; x_wconf 84' lang='lat' dir='ltr'>necessariis</span> <span class='ocrx_word' id='word_1_189' title='bbox 1285 2010 1374 2038; x_wconf 90' lang='lat' dir='ltr'>non</span> <span class='ocrx_word' id='word_1_190' title='bbox 1400 2011 1490 2039; x_wconf 86' lang='lat' dir='ltr'>om-</span> 
     </span>
     <span class='ocr_line' id='line_1_27' title="bbox 113 2061 1491 2129; baseline -0.003 -17"><span class='ocrx_word' id='word_1_191' title='bbox 113 2067 244 2112; x_wconf 90' lang='lat' dir='ltr'>nibus</span> <span class='ocrx_word' id='word_1_192' title='bbox 260 2063 519 2129; x_wconf 84' lang='lat' dir='ltr'>respondere</span> <span class='ocrx_word' id='word_1_193' title='bbox 540 2063 735 2110; x_wconf 66' lang='lat' dir='ltr'>voluisse.</span> <span class='ocrx_word' id='word_1_194' title='bbox 761 2062 939 2108; x_wconf 83' lang='lat' dir='ltr'>Editum</span> <span class='ocrx_word' id='word_1_195' title='bbox 961 2073 1021 2108; x_wconf 89' lang='lat' dir='ltr'>est</span> <span class='ocrx_word' id='word_1_196' title='bbox 1037 2062 1094 2107; x_wconf 85' lang='lat' dir='ltr'>eis</span> <span class='ocrx_word' id='word_1_197' title='bbox 1118 2061 1375 2107; x_wconf 82' lang='lat' dir='ltr'>mandatum</span> <span class='ocrx_word' id='word_1_198' title='bbox 1395 2080 1491 2108; x_wconf 89' lang='lat' dir='ltr'>nos-</span> 
     </span>
     <span class='ocr_line' id='line_1_28' title="bbox 116 2132 1493 2200; baseline -0.002 -18"><span class='ocrx_word' id='word_1_199' title='bbox 116 2146 233 2182; x_wconf 81' lang='lat' dir='ltr'>trum</span> <span class='ocrx_word' id='word_1_200' title='bbox 255 2154 332 2200; x_wconf 87' lang='lat' dir='ltr'>per</span> <span class='ocrx_word' id='word_1_201' title='bbox 357 2136 571 2182; x_wconf 85' lang='lat' dir='ltr'>notoriam</span> <span class='ocrx_word' id='word_1_202' title='bbox 595 2133 939 2197; x_wconf 83' lang='lat' dir='ltr'>postulantibus,</span> <span class='ocrx_word' id='word_1_203' title='bbox 967 2143 1009 2177; x_wconf 88' lang='lat' dir='ltr'>et</span> <span class='ocrx_word' id='word_1_204' title='bbox 1035 2132 1119 2177; x_wconf 91' lang='lat' dir='ltr'>hoc</span> <span class='ocrx_word' id='word_1_205' title='bbox 1138 2132 1283 2194; x_wconf 86' lang='lat' dir='ltr'>ipsum</span> <span class='ocrx_word' id='word_1_206' title='bbox 1309 2132 1493 2193; x_wconf 83' lang='lat' dir='ltr'>allegan-</span> 
     </span>
     <span class='ocr_line' id='line_1_29' title="bbox 120 2202 1495 2268; baseline -0.002 -14"><span class='ocrx_word' id='word_1_207' title='bbox 120 2207 254 2265; x_wconf 85' lang='lat' dir='ltr'>tibus,</span> <span class='ocrx_word' id='word_1_208' title='bbox 284 2218 333 2253; x_wconf 87' lang='lat' dir='ltr'>ut</span> <span class='ocrx_word' id='word_1_209' title='bbox 350 2205 551 2252; x_wconf 87' lang='lat' dir='ltr'>instructi</span> <span class='ocrx_word' id='word_1_210' title='bbox 572 2214 744 2268; x_wconf 86' lang='lat' dir='ltr'>possent</span> <span class='ocrx_word' id='word_1_211' title='bbox 769 2203 821 2249; x_wconf 85' lang='lat' dir='ltr'>ad</span> <span class='ocrx_word' id='word_1_212' title='bbox 843 2202 989 2248; x_wconf 90' lang='lat' dir='ltr'>omnia</span> <span class='ocrx_word' id='word_1_213' title='bbox 1012 2202 1287 2266; x_wconf 83' lang='lat' dir='ltr'>respondere.</span> <span class='ocrx_word' id='word_1_214' title='bbox 1317 2204 1371 2249; x_wconf 84' lang='lat' dir='ltr'>Et</span> <span class='ocrx_word' id='word_1_215' title='bbox 1396 2222 1495 2251; x_wconf 85' lang='lat' dir='ltr'>cum</span> 
     </span>
     <span class='ocr_line' id='line_1_30' title="bbox 115 2273 1497 2343; baseline -0.003 -17"><span class='ocrx_word' id='word_1_216' title='bbox 115 2283 206 2341; x_wconf 87' lang='lat' dir='ltr'>jam</span> <span class='ocrx_word' id='word_1_217' title='bbox 222 2288 384 2343; x_wconf 85' lang='lat' dir='ltr'>septem</span> <span class='ocrx_word' id='word_1_218' title='bbox 404 2276 559 2323; x_wconf 87' lang='lat' dir='ltr'>delecti</span> <span class='ocrx_word' id='word_1_219' title='bbox 580 2285 716 2321; x_wconf 90' lang='lat' dir='ltr'>essent</span> <span class='ocrx_word' id='word_1_220' title='bbox 734 2292 755 2320; x_wconf 83' lang='lat' dir='ltr'>a</span> <span class='ocrx_word' id='word_1_221' title='bbox 781 2273 964 2329; x_wconf 59' lang='lat' dir='ltr'>caeteris,</span> <span class='ocrx_word' id='word_1_222' title='bbox 990 2273 1065 2337; x_wconf 87' lang='lat' dir='ltr'>qui</span> <span class='ocrx_word' id='word_1_223' title='bbox 1090 2273 1234 2319; x_wconf 84' lang='lat' dir='ltr'>onmia</span> <span class='ocrx_word' id='word_1_224' title='bbox 1252 2290 1334 2336; x_wconf 87' lang='lat' dir='ltr'>pro</span> <span class='ocrx_word' id='word_1_225' title='bbox 1359 2277 1497 2322; x_wconf 89' lang='lat' dir='ltr'>omni-</span> 
     </span>
     <span class='ocr_line' id='line_1_31' title="bbox 119 2345 1502 2411; baseline -0.004 -14"><span class='ocrx_word' id='word_1_226' title='bbox 119 2351 204 2396; x_wconf 85' lang='lat' dir='ltr'>bus</span> <span class='ocrx_word' id='word_1_227' title='bbox 230 2359 418 2411; x_wconf 83' lang='lat' dir='ltr'>agerent,</span> <span class='ocrx_word' id='word_1_228' title='bbox 452 2347 614 2393; x_wconf 85' lang='lat' dir='ltr'>litteras</span> <span class='ocrx_word' id='word_1_229' title='bbox 638 2357 781 2392; x_wconf 88' lang='lat' dir='ltr'>tamen</span> <span class='ocrx_word' id='word_1_230' title='bbox 806 2345 919 2409; x_wconf 90' lang='lat' dir='ltr'>ipsas</span> <span class='ocrx_word' id='word_1_231' title='bbox 943 2345 1105 2407; x_wconf 87' lang='lat' dir='ltr'>quibus</span> <span class='ocrx_word' id='word_1_232' title='bbox 1128 2354 1274 2390; x_wconf 87' lang='lat' dir='ltr'>nostro</span> <span class='ocrx_word' id='word_1_233' title='bbox 1298 2346 1502 2392; x_wconf 85' lang='lat' dir='ltr'>mandato</span> 
     </span>
     <span class='ocr_line' id='line_1_32' title="bbox 122 2414 1505 2485; baseline -0.003 -17"><span class='ocrx_word' id='word_1_234' title='bbox 122 2420 381 2485; x_wconf 85' lang='lat' dir='ltr'>respondere</span> <span class='ocrx_word' id='word_1_235' title='bbox 411 2418 554 2465; x_wconf 90' lang='lat' dir='ltr'>conati</span> <span class='ocrx_word' id='word_1_236' title='bbox 574 2428 692 2471; x_wconf 85' lang='lat' dir='ltr'>sunt,</span> <span class='ocrx_word' id='word_1_237' title='bbox 720 2417 853 2463; x_wconf 88' lang='lat' dir='ltr'>totius</span> <span class='ocrx_word' id='word_1_238' title='bbox 870 2414 1046 2462; x_wconf 87' lang='lat' dir='ltr'>concilii</span> <span class='ocrx_word' id='word_1_239' title='bbox 1060 2414 1124 2460; x_wconf 90' lang='lat' dir='ltr'>sui</span> <span class='ocrx_word' id='word_1_240' title='bbox 1149 2415 1323 2461; x_wconf 89' lang='lat' dir='ltr'>nomine</span> <span class='ocrx_word' id='word_1_241' title='bbox 1343 2427 1505 2480; x_wconf 87' lang='lat' dir='ltr'>protu-</span> 
     </span>
     <span class='ocr_line' id='line_1_33' title="bbox 122 2485 1508 2556; baseline -0.002 -18"><span class='ocrx_word' id='word_1_242' title='bbox 122 2491 284 2549; x_wconf 78' lang='lat' dir='ltr'>lerunt,</span> <span class='ocrx_word' id='word_1_243' title='bbox 307 2501 515 2556; x_wconf 86' lang='lat' dir='ltr'>tanquam</span> <span class='ocrx_word' id='word_1_244' title='bbox 532 2488 758 2555; x_wconf 86' lang='lat' dir='ltr'>epistolam</span> <span class='ocrx_word' id='word_1_245' title='bbox 798 2487 853 2533; x_wconf 82' lang='lat' dir='ltr'>ab</span> <span class='ocrx_word' id='word_1_246' title='bbox 883 2486 1088 2532; x_wconf 84' lang='lat' dir='ltr'>omnibus</span> <span class='ocrx_word' id='word_1_247' title='bbox 1112 2485 1195 2532; x_wconf 88' lang='lat' dir='ltr'>illis</span> <span class='ocrx_word' id='word_1_248' title='bbox 1221 2485 1276 2531; x_wconf 88' lang='lat' dir='ltr'>ad</span> <span class='ocrx_word' id='word_1_249' title='bbox 1295 2486 1508 2548; x_wconf 83' lang='lat' dir='ltr'>Cognito-</span> 
     </span>
    </p>
   </div>
   <div class='ocr_carea' id='block_1_3' title="bbox 125 2556 1506 2622">
    <p class='ocr_par' dir='ltr' id='par_1_4' title="bbox 125 2556 1506 2622">
     <span class='ocr_line' id='line_1_34' title="bbox 125 2556 1506 2622; baseline -0.004 -10"><span class='ocrx_word' id='word_1_250' title='bbox 125 2581 216 2612; x_wconf 86' lang='lat' dir='ltr'>rem</span> <span class='ocrx_word' id='word_1_251' title='bbox 251 2561 412 2612; x_wconf 80' lang='lat' dir='ltr'>datam.</span> <span class='ocrx_word' id='word_1_252' title='bbox 453 2562 598 2622; x_wconf 86' lang='lat' dir='ltr'>Quam</span> <span class='ocrx_word' id='word_1_253' title='bbox 621 2559 656 2610; x_wconf 80' lang='lat' dir='ltr'>si</span> <span class='ocrx_word' id='word_1_254' title='bbox 687 2559 902 2610; x_wconf 82' lang='lat' dir='ltr'>nollemus</span> <span class='ocrx_word' id='word_1_255' title='bbox 925 2556 1151 2607; x_wconf 82' lang='lat' dir='ltr'>admittere</span> <span class='ocrx_word' id='word_1_256' title='bbox 1168 2594 1179 2616; x_wconf 84' lang='grc'>,</span> <span class='ocrx_word' id='word_1_257' title='bbox 1219 2559 1317 2619; x_wconf 73' lang='lat' dir='ltr'>=iure</span> <span class='ocrx_word' id='word_1_258' title='bbox 1338 2559 1506 2622; x_wconf 83' lang='lat' dir='ltr'>optimo</span> 
     </span>
    </p>
   </div>
  </div>
 </body>
</html>
