<?xml version="1.0" encoding="UTF-8"?>
<!DOCTYPE html PUBLIC "-//W3C//DTD XHTML 1.0 Transitional//EN"
    "http://www.w3.org/TR/xhtml1/DTD/xhtml1-transitional.dtd">
<html xmlns="http://www.w3.org/1999/xhtml" xml:lang="en" lang="en">
 <head>
  <title>
</title>
<meta http-equiv="Content-Type" content="text/html;charset=utf-8" />
  <meta name='ocr-system' content='tesseract 3.04.00' />
  <meta name='ocr-capabilities' content='ocr_page ocr_carea ocr_par ocr_line ocrx_word'/>
</head>
<body>
  <div class='ocr_page' id='page_1' title='image "./operaomniaaccura33auguuoft_0566.png"; bbox 0 0 1763 2838; ppageno 0'>
   <div class='ocr_carea' id='block_1_1' title="bbox 233 113 1094 162">
    <p class='ocr_par' dir='ltr' id='par_1_1' title="bbox 233 113 1094 162">
     <span class='ocr_line' id='line_1_1' title="bbox 233 113 1094 162; baseline 0.001 -1"><span class='ocrx_word' id='word_1_1' title='bbox 233 113 327 162; x_wconf 86' lang='grc'><strong>556</strong></span> <span class='ocrx_word' id='word_1_2' title='bbox 739 128 1094 162; x_wconf 56' lang='lat' dir='ltr'>ANNOTATmNE&amp;</span> 
     </span>
    </p>
   </div>
   <div class='ocr_carea' id='block_1_2' title="bbox 226 194 1601 326">
    <p class='ocr_par' dir='ltr' id='par_1_2' title="bbox 226 194 1601 326">
     <span class='ocr_line' id='line_1_2' title="bbox 228 194 1601 259; baseline 0.003 -21"><span class='ocrx_word' id='word_1_3' title='bbox 228 194 433 238; x_wconf 55' lang='lat' dir='ltr'><strong>ecclesia?</strong></span> <span class='ocrx_word' id='word_1_4' title='bbox 468 196 647 238; x_wconf 54' lang='lat' dir='ltr'><strong>Groect</strong></span> <span class='ocrx_word' id='word_1_5' title='bbox 674 210 902 239; x_wconf 79' lang='lat' dir='ltr'><strong>sermoms</strong></span> <span class='ocrx_word' id='word_1_6' title='bbox 930 195 1255 257; x_wconf 75' lang='lat' dir='ltr'><em>scriptoribus,</em></span> <span class='ocrx_word' id='word_1_7' title='bbox 1291 201 1433 259; x_wconf 75' lang='lat' dir='ltr'><strong>quasi</strong></span> <span class='ocrx_word' id='word_1_8' title='bbox 1455 198 1601 244; x_wconf 65' lang='lat' dir='ltr'><strong>Paule</strong></span> 
     </span>
     <span class='ocr_line' id='line_1_3' title="bbox 226 264 660 326; baseline -0.007 -16"><span class='ocrx_word' id='word_1_9' title='bbox 226 264 448 326; x_wconf 72' lang='lat' dir='ltr'><strong>Apostoli</strong></span> <span class='ocrx_word' id='word_1_10' title='bbox 468 267 660 326; x_wconf 70' lang='lat' dir='ltr'><strong>suscepc&#39;.</strong></span> 
     </span>
    </p>
   </div>
   <div class='ocr_carea' id='block_1_3' title="bbox 583 424 1237 486">
    <p class='ocr_par' dir='ltr' id='par_1_3' title="bbox 583 424 1237 486">
     <span class='ocr_line' id='line_1_4' title="bbox 583 424 1237 486; baseline 0.006 -19"><span class='ocrx_word' id='word_1_11' title='bbox 583 437 842 469; x_wconf 75' lang='grc' dir='ltr'><strong>ΑΝΝοΤΑΤιο</strong></span> <span class='ocrx_word' id='word_1_12' title='bbox 881 424 948 486; x_wconf 76' lang='grc'><strong>(9)</strong></span> <span class='ocrx_word' id='word_1_13' title='bbox 986 440 1086 486; x_wconf 81' lang='lat' dir='ltr'><strong>pag.</strong></span> <span class='ocrx_word' id='word_1_14' title='bbox 1129 425 1237 471; x_wconf 81' lang='lat'>361.</span> 
     </span>
    </p>
   </div>
   <div class='ocr_carea' id='block_1_4' title="bbox 227 572 1604 1403">
    <p class='ocr_par' dir='ltr' id='par_1_4' title="bbox 227 572 1604 1403">
     <span class='ocr_line' id='line_1_5' title="bbox 292 572 1602 636; baseline 0.002 -20"><span class='ocrx_word' id='word_1_15' title='bbox 292 573 401 618; x_wconf 91' lang='lat' dir='ltr'>Lov.</span> <span class='ocrx_word' id='word_1_16' title='bbox 430 575 495 616; x_wconf 78' lang='lat' dir='ltr'><strong>ita</strong></span> <span class='ocrx_word' id='word_1_17' title='bbox 515 582 561 616; x_wconf 77' lang='lat' dir='ltr'><strong>et</strong></span> <span class='ocrx_word' id='word_1_18' title='bbox 579 574 681 633; x_wconf 69' lang='lat' dir='ltr'><strong>ejus</strong></span> <span class='ocrx_word' id='word_1_19' title='bbox 710 572 889 617; x_wconf 76' lang='lat' dir='ltr'><em>malam</em></span> <span class='ocrx_word' id='word_1_20' title='bbox 914 573 1210 618; x_wconf 73' lang='lat' dir='ltr'><strong>volantatem</strong></span> <span class='ocrx_word' id='word_1_21' title='bbox 1230 608 1241 629; x_wconf 89' lang='lat'>‚</span> <span class='ocrx_word' id='word_1_22' title='bbox 1269 577 1374 636; x_wconf 62' lang='lat' dir='ltr'><strong>qua}</strong></span> <span class='ocrx_word' id='word_1_23' title='bbox 1399 577 1493 619; x_wconf 77' lang='lat' dir='ltr'><strong>nisi</strong></span> <span class='ocrx_word' id='word_1_24' title='bbox 1512 575 1602 619; x_wconf 79' lang='lat' dir='ltr'><strong>ho-</strong></span> 
     </span>
     <span class='ocr_line' id='line_1_6' title="bbox 230 642 1600 707; baseline 0.002 -21"><span class='ocrx_word' id='word_1_25' title='bbox 230 646 404 686; x_wconf 77' lang='lat' dir='ltr'><strong>minem</strong></span> <span class='ocrx_word' id='word_1_26' title='bbox 427 642 621 686; x_wconf 76' lang='lat' dir='ltr'><strong>haberet</strong></span> <span class='ocrx_word' id='word_1_27' title='bbox 642 647 689 686; x_wconf 79' lang='lat' dir='ltr'><strong>in</strong></span> <span class='ocrx_word' id='word_1_28' title='bbox 707 659 800 705; x_wconf 74' lang='lat' dir='ltr'><strong>quo</strong></span> <span class='ocrx_word' id='word_1_29' title='bbox 823 653 965 697; x_wconf 75' lang='lat' dir='ltr'><strong>esset,</strong></span> <span class='ocrx_word' id='word_1_30' title='bbox 991 660 1093 688; x_wconf 80' lang='lat' dir='ltr'><strong>esse</strong></span> <span class='ocrx_word' id='word_1_31' title='bbox 1105 647 1295 688; x_wconf 77' lang='lat' dir='ltr'><strong>omnino</strong></span> <span class='ocrx_word' id='word_1_32' title='bbox 1325 660 1418 688; x_wconf 80' lang='lat' dir='ltr'><strong>non</strong></span> <span class='ocrx_word' id='word_1_33' title='bbox 1421 655 1600 707; x_wconf 80' lang='lat' dir='ltr'><strong>posset,</strong></span> 
     </span>
     <span class='ocr_line' id='line_1_7' title="bbox 231 712 1602 771; baseline 0.003 -16"><span class='ocrx_word' id='word_1_34' title='bbox 231 713 300 757; x_wconf 78' lang='lat' dir='ltr'><strong>acl</strong></span> <span class='ocrx_word' id='word_1_35' title='bbox 320 722 561 757; x_wconf 73' lang='lat' dir='ltr'><em>auctorem</em></span> <span class='ocrx_word' id='word_1_36' title='bbox 598 716 751 758; x_wconf 78' lang='lat' dir='ltr'><strong>Deum</strong></span> <span class='ocrx_word' id='word_1_37' title='bbox 777 730 877 758; x_wconf 75' lang='lat' dir='ltr'><strong>esse</strong></span> <span class='ocrx_word' id='word_1_38' title='bbox 902 712 1218 771; x_wconf 71' lang='lat' dir='ltr'><strong>referendum.</strong></span> <span class='ocrx_word' id='word_1_39' title='bbox 1257 712 1419 758; x_wconf 84' lang='lat' dir='ltr'><strong>Ultima</strong></span> <span class='ocrx_word' id='word_1_40' title='bbox 1448 712 1602 760; x_wconf 84' lang='lat' dir='ltr'><strong>isthaec</strong></span> 
     </span>
     <span class='ocr_line' id='line_1_8' title="bbox 227 782 1601 846; baseline 0 -18"><span class='ocrx_word' id='word_1_41' title='bbox 227 782 379 836; x_wconf 81' lang='lat' dir='ltr'><strong>verba,</strong></span> <span class='ocrx_word' id='word_1_42' title='bbox 429 783 498 827; x_wconf 79' lang='lat' dir='ltr'><strong>ad</strong></span> <span class='ocrx_word' id='word_1_43' title='bbox 514 793 753 828; x_wconf 74' lang='lat' dir='ltr'><em>auctorem</em></span> <span class='ocrx_word' id='word_1_44' title='bbox 777 788 942 839; x_wconf 75' lang='lat' dir='ltr'><strong>Deum,</strong></span> <span class='ocrx_word' id='word_1_45' title='bbox 968 794 1048 830; x_wconf 87' lang='lat' dir='ltr'><strong>etc.</strong></span> <span class='ocrx_word' id='word_1_46' title='bbox 1078 782 1378 846; x_wconf 80' lang='lat' dir='ltr'><strong>expunximus,</strong></span> <span class='ocrx_word' id='word_1_47' title='bbox 1403 793 1601 829; x_wconf 83' lang='lat' dir='ltr'><strong>revocata</strong></span> 
     </span>
     <span class='ocr_line' id='line_1_9' title="bbox 227 850 1594 909; baseline 0.001 -13"><span class='ocrx_word' id='word_1_48' title='bbox 227 850 318 896; x_wconf 84' lang='lat' dir='ltr'><strong>huc</strong></span> <span class='ocrx_word' id='word_1_49' title='bbox 341 850 414 895; x_wconf 86' lang='lat' dir='ltr'><strong>illa</strong></span> <span class='ocrx_word' id='word_1_50' title='bbox 434 851 619 897; x_wconf 81' lang='lat' dir='ltr'><strong>lectione</strong></span> <span class='ocrx_word' id='word_1_51' title='bbox 641 888 651 907; x_wconf 89' lang='lat'><strong><em>‚</em></strong></span> <span class='ocrx_word' id='word_1_52' title='bbox 677 856 744 897; x_wconf 80' lang='lat' dir='ltr'><strong>ica</strong></span> <span class='ocrx_word' id='word_1_53' title='bbox 767 863 813 897; x_wconf 84' lang='lat' dir='ltr'><strong>et</strong></span> <span class='ocrx_word' id='word_1_54' title='bbox 828 854 929 909; x_wconf 77' lang='lat' dir='ltr'><strong>ejas</strong></span> <span class='ocrx_word' id='word_1_55' title='bbox 952 852 1074 897; x_wconf 75' lang='lat' dir='ltr'><strong>male</strong></span> <span class='ocrx_word' id='word_1_56' title='bbox 1102 852 1379 908; x_wconf 76' lang='lat' dir='ltr'><strong>voluntatis,</strong></span> <span class='ocrx_word' id='word_1_57' title='bbox 1408 852 1594 899; x_wconf 82' lang='lat' dir='ltr'><strong>subaud.</strong></span> 
     </span>
     <span class='ocr_line' id='line_1_10' title="bbox 230 921 1603 985; baseline 0.001 -19"><span class='ocrx_word' id='word_1_58' title='bbox 230 925 362 966; x_wconf 71' lang='lat' dir='ltr'><strong>Deus</strong></span> <span class='ocrx_word' id='word_1_59' title='bbox 385 932 550 966; x_wconf 76' lang='lat' dir='ltr'><strong>auctor</strong></span> <span class='ocrx_word' id='word_1_60' title='bbox 581 933 698 967; x_wconf 78' lang='lat' dir='ltr'><strong>esset</strong></span> <span class='ocrx_word' id='word_1_61' title='bbox 725 940 734 967; x_wconf 93' lang='lat'><strong>:</strong></span> <span class='ocrx_word' id='word_1_62' title='bbox 761 938 892 985; x_wconf 83' lang='lat' dir='ltr'><strong>quam</strong></span> <span class='ocrx_word' id='word_1_63' title='bbox 927 921 1104 985; x_wconf 84' lang='lat' dir='ltr'><strong>quidem</strong></span> <span class='ocrx_word' id='word_1_64' title='bbox 1137 922 1374 984; x_wconf 89' lang='lat' dir='ltr'><strong>reperimus</strong></span> <span class='ocrx_word' id='word_1_65' title='bbox 1408 921 1453 967; x_wconf 90' lang='lat' dir='ltr'><strong>in</strong></span> <span class='ocrx_word' id='word_1_66' title='bbox 1477 922 1603 968; x_wconf 83' lang='lat' dir='ltr'><strong>editis</strong></span> 
     </span>
     <span class='ocr_line' id='line_1_11' title="bbox 232 992 1602 1056; baseline 0.001 -19"><span class='ocrx_word' id='word_1_67' title='bbox 232 992 328 1037; x_wconf 86' lang='lat' dir='ltr'><strong>Am.</strong></span> <span class='ocrx_word' id='word_1_68' title='bbox 349 1002 390 1036; x_wconf 90' lang='lat' dir='ltr'><strong>et</strong></span> <span class='ocrx_word' id='word_1_69' title='bbox 410 993 480 1038; x_wconf 88' lang='lat' dir='ltr'><strong>Er.</strong></span> <span class='ocrx_word' id='word_1_70' title='bbox 504 1002 545 1037; x_wconf 86' lang='lat' dir='ltr'><strong>et</strong></span> <span class='ocrx_word' id='word_1_71' title='bbox 564 992 610 1037; x_wconf 93' lang='lat' dir='ltr'><strong>in</strong></span> <span class='ocrx_word' id='word_1_72' title='bbox 628 992 832 1039; x_wconf 86' lang='lat' dir='ltr'><strong>omnibus</strong></span> <span class='ocrx_word' id='word_1_73' title='bbox 852 992 1230 1049; x_wconf 85' lang='lat' dir='ltr'><strong>MSS.codicibus‚</strong></span> <span class='ocrx_word' id='word_1_74' title='bbox 1247 1009 1270 1038; x_wconf 90' lang='lat' dir='ltr'><strong>e</strong></span> <span class='ocrx_word' id='word_1_75' title='bbox 1287 992 1448 1056; x_wconf 84' lang='lat' dir='ltr'><strong>quibus</strong></span> <span class='ocrx_word' id='word_1_76' title='bbox 1460 1002 1602 1038; x_wconf 84' lang='lat' dir='ltr'><strong>tamen</strong></span> 
     </span>
     <span class='ocr_line' id='line_1_12' title="bbox 232 1061 1604 1126; baseline 0.001 -20"><span class='ocrx_word' id='word_1_77' title='bbox 232 1061 448 1117; x_wconf 78' lang='lat' dir='ltr'><strong>nonnulli,</strong></span> <span class='ocrx_word' id='word_1_78' title='bbox 471 1072 572 1124; x_wconf 87' lang='lat' dir='ltr'><strong>post</strong></span> <span class='ocrx_word' id='word_1_79' title='bbox 596 1063 740 1109; x_wconf 71' lang='lat' dir='ltr'><strong>malae</strong></span> <span class='ocrx_word' id='word_1_80' title='bbox 768 1063 1049 1119; x_wconf 76' lang='lat' dir='ltr'><strong>voluntatis,</strong></span> <span class='ocrx_word' id='word_1_81' title='bbox 1080 1080 1307 1126; x_wconf 83' lang='lat' dir='ltr'>perperam</span> <span class='ocrx_word' id='word_1_82' title='bbox 1328 1062 1496 1108; x_wconf 85' lang='lat' dir='ltr'><strong>addunt</strong></span> <span class='ocrx_word' id='word_1_83' title='bbox 1519 1066 1604 1107; x_wconf 78' lang='lat' dir='ltr'><strong>ini-</strong></span> 
     </span>
     <span class='ocr_line' id='line_1_13' title="bbox 227 1132 1602 1180; baseline 0.001 -4"><span class='ocrx_word' id='word_1_84' title='bbox 227 1136 343 1176; x_wconf 76' lang='lat' dir='ltr'><strong>tium</strong></span> <span class='ocrx_word' id='word_1_85' title='bbox 366 1147 374 1174; x_wconf 92' lang='lat'><strong>:</strong></span> <span class='ocrx_word' id='word_1_86' title='bbox 401 1132 691 1178; x_wconf 84' lang='lat' dir='ltr'><strong>necnoninfra</strong></span> <span class='ocrx_word' id='word_1_87' title='bbox 710 1150 811 1179; x_wconf 86' lang='lat' dir='ltr'><strong>cum</strong></span> <span class='ocrx_word' id='word_1_88' title='bbox 826 1135 921 1180; x_wconf 89' lang='lat' dir='ltr'><strong>Am.</strong></span> <span class='ocrx_word' id='word_1_89' title='bbox 946 1145 988 1180; x_wconf 83' lang='lat' dir='ltr'><strong>et</strong></span> <span class='ocrx_word' id='word_1_90' title='bbox 1012 1134 1082 1180; x_wconf 86' lang='lat' dir='ltr'><strong>Er.</strong></span> <span class='ocrx_word' id='word_1_91' title='bbox 1105 1135 1174 1178; x_wconf 76' lang='lat' dir='ltr'><strong>acl</strong></span> <span class='ocrx_word' id='word_1_92' title='bbox 1191 1144 1427 1178; x_wconf 77' lang='lat' dir='ltr'><strong>auctorem</strong></span> <span class='ocrx_word' id='word_1_93' title='bbox 1440 1136 1602 1177; x_wconf 79' lang='lat' dir='ltr'><strong>Deum</strong></span> 
     </span>
     <span class='ocr_line' id='line_1_14' title="bbox 228 1202 1602 1266; baseline 0.002 -21"><span class='ocrx_word' id='word_1_94' title='bbox 228 1217 326 1245; x_wconf 76' lang='lat' dir='ltr'><strong>esse</strong></span> <span class='ocrx_word' id='word_1_95' title='bbox 358 1204 672 1257; x_wconf 75' lang='lat' dir='ltr'><strong>referendum.</strong></span> <span class='ocrx_word' id='word_1_96' title='bbox 712 1206 763 1247; x_wconf 91' lang='lat' dir='ltr'><strong>In</strong></span> <span class='ocrx_word' id='word_1_97' title='bbox 802 1203 990 1249; x_wconf 85' lang='lat' dir='ltr'><strong>editione</strong></span> <span class='ocrx_word' id='word_1_98' title='bbox 1027 1202 1218 1266; x_wconf 86' lang='lat' dir='ltr'><strong>quadam</strong></span> <span class='ocrx_word' id='word_1_99' title='bbox 1241 1202 1470 1247; x_wconf 85' lang='lat' dir='ltr'><strong>Parisiensi</strong></span> <span class='ocrx_word' id='word_1_100' title='bbox 1502 1202 1602 1248; x_wconf 86' lang='lat' dir='ltr'><strong>anni</strong></span> 
     </span>
     <span class='ocr_line' id='line_1_15' title="bbox 236 1271 1603 1335; baseline 0.001 -20"><span class='ocrx_word' id='word_1_101' title='bbox 236 1271 369 1326; x_wconf 67' lang='grc'><strong>1644.</strong></span> <span class='ocrx_word' id='word_1_102' title='bbox 400 1271 460 1316; x_wconf 88' lang='lat' dir='ltr'><strong>sic</strong></span> <span class='ocrx_word' id='word_1_103' title='bbox 477 1271 650 1331; x_wconf 83' lang='lat' dir='ltr'><strong>legitur,</strong></span> <span class='ocrx_word' id='word_1_104' title='bbox 680 1277 744 1317; x_wconf 81' lang='grc' dir='ltr'><strong>ι’ία</strong></span> <span class='ocrx_word' id='word_1_105' title='bbox 767 1284 814 1317; x_wconf 82' lang='lat' dir='ltr'><strong>et</strong></span> <span class='ocrx_word' id='word_1_106' title='bbox 840 1274 1081 1335; x_wconf 72' lang='lat' dir='ltr'><strong>quidquid</strong></span> <span class='ocrx_word' id='word_1_107' title='bbox 1095 1284 1164 1319; x_wconf 80' lang='lat' dir='ltr'><strong>esc</strong></span> <span class='ocrx_word' id='word_1_108' title='bbox 1193 1273 1321 1318; x_wconf 81' lang='lat' dir='ltr'><strong>male</strong></span> <span class='ocrx_word' id='word_1_109' title='bbox 1342 1273 1603 1317; x_wconf 77' lang='lat' dir='ltr'><strong>voluntatis</strong></span> 
     </span>
     <span class='ocr_line' id='line_1_16' title="bbox 230 1341 1054 1403; baseline 0.005 -19"><span class='ocrx_word' id='word_1_110' title='bbox 230 1356 341 1403; x_wconf 67' lang='lat' dir='ltr'><strong>quc&amp;</strong></span> <span class='ocrx_word' id='word_1_111' title='bbox 365 1341 710 1387; x_wconf 71' lang='lat' dir='ltr'><strong>m‘silzominem</strong></span> <span class='ocrx_word' id='word_1_112' title='bbox 729 1343 947 1400; x_wconf 71' lang='lat' dir='ltr'><strong>haberes,</strong></span> <span class='ocrx_word' id='word_1_113' title='bbox 974 1353 1054 1389; x_wconf 86' lang='lat' dir='ltr'><strong>etc.</strong></span> 
     </span>
    </p>
   </div>
   <div class='ocr_carea' id='block_1_5' title="bbox 576 1503 1258 1568">
    <p class='ocr_par' dir='ltr' id='par_1_5' title="bbox 576 1503 1258 1568">
     <span class='ocr_line' id='line_1_17' title="bbox 576 1503 1258 1568; baseline -0.001 -18"><span class='ocrx_word' id='word_1_114' title='bbox 576 1518 832 1551; x_wconf 74' lang='lat' dir='ltr'>ANNOTATIO</span> <span class='ocrx_word' id='word_1_115' title='bbox 870 1504 972 1568; x_wconf 79' lang='grc' dir='ltr'>(ιο)</span> <span class='ocrx_word' id='word_1_116' title='bbox 1008 1520 1107 1568; x_wconf 84' lang='lat' dir='ltr'>pag.</span> <span class='ocrx_word' id='word_1_117' title='bbox 1149 1503 1258 1567; x_wconf 85' lang='lat'>372.</span> 
     </span>
    </p>
   </div>
   <div class='ocr_carea' id='block_1_6' title="bbox 226 1651 1603 2143">
    <p class='ocr_par' dir='ltr' id='par_1_6' title="bbox 226 1651 1603 2143">
     <span class='ocr_line' id='line_1_18' title="bbox 296 1651 1603 1725; baseline -0.008 -17"><span class='ocrx_word' id='word_1_118' title='bbox 296 1661 584 1725; x_wconf 85' lang='lat' dir='ltr'><strong>Accipiebant</strong></span> <span class='ocrx_word' id='word_1_119' title='bbox 614 1660 918 1707; x_wconf 82' lang='lat' dir='ltr'><strong>catechumeni</strong></span> <span class='ocrx_word' id='word_1_120' title='bbox 945 1668 1264 1705; x_wconf 86' lang='lat' dir='ltr'><strong>sacramentum</strong></span> <span class='ocrx_word' id='word_1_121' title='bbox 1287 1656 1410 1711; x_wconf 83' lang='lat' dir='ltr'><strong>salis,</strong></span> <span class='ocrx_word' id='word_1_122' title='bbox 1437 1671 1523 1718; x_wconf 86' lang='lat' dir='ltr'><strong>qua</strong></span> <span class='ocrx_word' id='word_1_123' title='bbox 1548 1651 1603 1697; x_wconf 89' lang='lat' dir='ltr'><strong>de</strong></span> 
     </span>
     <span class='ocr_line' id='line_1_19' title="bbox 228 1726 1603 1789; baseline -0.007 -11"><span class='ocrx_word' id='word_1_124' title='bbox 228 1749 273 1778; x_wconf 91' lang='lat' dir='ltr'><strong>re</strong></span> <span class='ocrx_word' id='word_1_125' title='bbox 289 1743 401 1778; x_wconf 82' lang='lat' dir='ltr'><strong>extat</strong></span> <span class='ocrx_word' id='word_1_126' title='bbox 420 1732 593 1777; x_wconf 85' lang='lat' dir='ltr'><strong>concilii</strong></span> <span class='ocrx_word' id='word_1_127' title='bbox 621 1729 973 1789; x_wconf 82' lang='lat' dir='ltr'><strong>Carthaginensis</strong></span> <span class='ocrx_word' id='word_1_128' title='bbox 1006 1745 1076 1775; x_wconf 80' lang='lat'>111.</span> <span class='ocrx_word' id='word_1_129' title='bbox 1105 1745 1245 1774; x_wconf 82' lang='lat' dir='ltr'><strong>canon</strong></span> <span class='ocrx_word' id='word_1_130' title='bbox 1273 1728 1315 1774; x_wconf 84' lang='lat'><strong>5.</strong></span> <span class='ocrx_word' id='word_1_131' title='bbox 1351 1726 1404 1772; x_wconf 90' lang='lat' dir='ltr'><strong>Id</strong></span> <span class='ocrx_word' id='word_1_132' title='bbox 1430 1740 1603 1772; x_wconf 88' lang='lat' dir='ltr'><strong>rursum</strong></span> 
     </span>
     <span class='ocr_line' id='line_1_20' title="bbox 231 1796 1596 1862; baseline -0.006 -13"><span class='ocrx_word' id='word_1_133' title='bbox 231 1802 494 1862; x_wconf 77' lang='lat' dir='ltr'><strong>Augustinus</strong></span> <span class='ocrx_word' id='word_1_134' title='bbox 525 1801 570 1846; x_wconf 88' lang='lat' dir='ltr'><strong>in</strong></span> <span class='ocrx_word' id='word_1_135' title='bbox 604 1799 683 1847; x_wconf 89' lang='lat' dir='ltr'><strong>lib.</strong></span> <span class='ocrx_word' id='word_1_136' title='bbox 713 1799 766 1844; x_wconf 90' lang='lat' dir='ltr'><strong>de</strong></span> <span class='ocrx_word' id='word_1_137' title='bbox 804 1798 1135 1844; x_wconf 82' lang='lat' dir='ltr'><strong>Catechizandis</strong></span> <span class='ocrx_word' id='word_1_138' title='bbox 1178 1797 1362 1842; x_wconf 86' lang='lat' dir='ltr'><strong>rudibus</strong></span> <span class='ocrx_word' id='word_1_139' title='bbox 1389 1813 1487 1859; x_wconf 86' lang='lat' dir='ltr'><strong>cap.</strong></span> <span class='ocrx_word' id='word_1_140' title='bbox 1521 1796 1596 1841; x_wconf 75' lang='lat'><strong>26.</strong></span> 
     </span>
     <span class='ocr_line' id='line_1_21' title="bbox 228 1867 1602 1932; baseline -0.006 -16"><span class='ocrx_word' id='word_1_141' title='bbox 228 1883 577 1917; x_wconf 67' lang='lat' dir='ltr'><strong>sacramentum</strong></span> <span class='ocrx_word' id='word_1_142' title='bbox 597 1867 792 1932; x_wconf 84' lang='lat' dir='ltr'><strong>appellat</strong></span> <span class='ocrx_word' id='word_1_143' title='bbox 815 1878 858 1913; x_wconf 88' lang='lat' dir='ltr'><strong>et</strong></span> <span class='ocrx_word' id='word_1_144' title='bbox 879 1872 1085 1930; x_wconf 69' lang='lat' dir='ltr'><strong>speeiem</strong></span> <span class='ocrx_word' id='word_1_145' title='bbox 1114 1867 1437 1911; x_wconf 76' lang='lat' dir='ltr'><strong>benediccione</strong></span> <span class='ocrx_word' id='word_1_146' title='bbox 1458 1881 1602 1910; x_wconf 80' lang='lat' dir='ltr'><strong>sanc-</strong></span> 
     </span>
     <span class='ocr_line' id='line_1_22' title="bbox 232 1933 1603 2004; baseline -0.006 -17"><span class='ocrx_word' id='word_1_147' title='bbox 232 1944 461 1997; x_wconf 60' lang='lat' dir='ltr'><strong>tificatam</strong></span> <span class='ocrx_word' id='word_1_148' title='bbox 480 1959 491 1985; x_wconf 89' lang='lat'><em>:</em></span> <span class='ocrx_word' id='word_1_149' title='bbox 511 1939 589 2004; x_wconf 90' lang='lat' dir='ltr'><strong>qui</strong></span> <span class='ocrx_word' id='word_1_150' title='bbox 605 1939 734 1984; x_wconf 85' lang='lat' dir='ltr'><strong>etiam</strong></span> <span class='ocrx_word' id='word_1_151' title='bbox 756 1936 835 1983; x_wconf 91' lang='lat' dir='ltr'><strong>lib.</strong></span> <span class='ocrx_word' id='word_1_152' title='bbox 874 1952 911 1983; x_wconf 87' lang='lat'><strong>1.</strong></span> <span class='ocrx_word' id='word_1_153' title='bbox 936 1934 1128 1982; x_wconf 86' lang='lat' dir='ltr'><strong>Confess.</strong></span> <span class='ocrx_word' id='word_1_154' title='bbox 1153 1952 1188 1983; x_wconf 88' lang='lat' dir='ltr'><strong>c.</strong></span> <span class='ocrx_word' id='word_1_155' title='bbox 1217 1950 1268 1982; x_wconf 84' lang='lat'><strong>11.</strong></span> <span class='ocrx_word' id='word_1_156' title='bbox 1293 1934 1346 1980; x_wconf 90' lang='lat' dir='ltr'><strong>de</strong></span> <span class='ocrx_word' id='word_1_157' title='bbox 1372 1950 1447 1980; x_wconf 90' lang='lat' dir='ltr'><strong>suo</strong></span> <span class='ocrx_word' id='word_1_158' title='bbox 1467 1933 1603 1997; x_wconf 86' lang='lat' dir='ltr'><strong>ipsius</strong></span> 
     </span>
     <span class='ocr_line' id='line_1_23' title="bbox 232 2003 1602 2071; baseline -0.006 -14"><span class='ocrx_word' id='word_1_159' title='bbox 232 2012 591 2057; x_wconf 85' lang='lat' dir='ltr'><strong>catechumenatu</strong></span> <span class='ocrx_word' id='word_1_160' title='bbox 626 2007 829 2071; x_wconf 73' lang='lat' dir='ltr'><strong>loquens,</strong></span> <span class='ocrx_word' id='word_1_161' title='bbox 852 2011 914 2052; x_wconf 82' lang='lat' dir='ltr'><strong>Ec</strong></span> <span class='ocrx_word' id='word_1_162' title='bbox 931 2006 1163 2069; x_wconf 74' lang='lat' dir='ltr'><strong>signabar</strong></span> <span class='ocrx_word' id='word_1_163' title='bbox 1180 2005 1310 2067; x_wconf 79' lang='lat' dir='ltr'><em>jam,</em></span> <span class='ocrx_word' id='word_1_164' title='bbox 1340 2003 1400 2050; x_wconf 84' lang='lat' dir='ltr'><strong>ait</strong></span> <span class='ocrx_word' id='word_1_165' title='bbox 1420 2040 1432 2061; x_wconf 88' lang='lat'><strong>,</strong></span> <span class='ocrx_word' id='word_1_166' title='bbox 1467 2007 1602 2066; x_wconf 76' lang='lat' dir='ltr'><strong>signo</strong></span> 
     </span>
     <span class='ocr_line' id='line_1_24' title="bbox 226 2077 1096 2143; baseline -0.006 -17"><span class='ocrx_word' id='word_1_167' title='bbox 226 2087 372 2128; x_wconf 74' lang='lat' dir='ltr'><strong>crucis</strong></span> <span class='ocrx_word' id='word_1_168' title='bbox 395 2084 493 2143; x_wconf 65' lang='lat' dir='ltr'><strong>ejus</strong></span> <span class='ocrx_word' id='word_1_169' title='bbox 519 2091 565 2125; x_wconf 76' lang='lat' dir='ltr'><strong>et</strong></span> <span class='ocrx_word' id='word_1_170' title='bbox 582 2077 841 2124; x_wconf 73' lang='lat' dir='ltr'><strong>condiebar</strong></span> <span class='ocrx_word' id='word_1_171' title='bbox 860 2077 957 2139; x_wconf 77' lang='lat' dir='ltr'><strong>ejus</strong></span> <span class='ocrx_word' id='word_1_172' title='bbox 980 2079 1096 2123; x_wconf 81' lang='lat' dir='ltr'><strong>sale.</strong></span> 
     </span>
    </p>
   </div>
   <div class='ocr_carea' id='block_1_7' title="bbox 577 2220 1257 2287">
    <p class='ocr_par' dir='ltr' id='par_1_7' title="bbox 577 2220 1257 2287">
     <span class='ocr_line' id='line_1_25' title="bbox 577 2220 1257 2287; baseline -0.003 -18"><span class='ocrx_word' id='word_1_173' title='bbox 577 2238 834 2271; x_wconf 76' lang='grc' dir='ltr'><strong>ΑΝΝοΤΑΤιο</strong></span> <span class='ocrx_word' id='word_1_174' title='bbox 870 2224 972 2287; x_wconf 80' lang='grc' dir='ltr'>(ιι)</span> <span class='ocrx_word' id='word_1_175' title='bbox 1008 2239 1108 2287; x_wconf 83' lang='lat' dir='ltr'><strong>pag.</strong></span> <span class='ocrx_word' id='word_1_176' title='bbox 1151 2220 1257 2268; x_wconf 78' lang='lat'>385.</span> 
     </span>
    </p>
   </div>
   <div class='ocr_carea' id='block_1_8' title="bbox 230 2349 1604 2491">
    <p class='ocr_par' dir='ltr' id='par_1_8' title="bbox 230 2349 1604 2491">
     <span class='ocr_line' id='line_1_26' title="bbox 295 2349 1604 2419; baseline -0.006 -16"><span class='ocrx_word' id='word_1_177' title='bbox 295 2355 525 2419; x_wconf 83' lang='lat' dir='ltr'><strong>Respicere</strong></span> <span class='ocrx_word' id='word_1_178' title='bbox 554 2354 727 2401; x_wconf 87' lang='lat' dir='ltr'><strong>videtur</strong></span> <span class='ocrx_word' id='word_1_179' title='bbox 745 2355 955 2401; x_wconf 88' lang='lat' dir='ltr'><strong>inlocum</strong></span> <span class='ocrx_word' id='word_1_180' title='bbox 974 2356 1106 2401; x_wconf 86' lang='lat' dir='ltr'><strong>Num.</strong></span> <span class='ocrx_word' id='word_1_181' title='bbox 1130 2371 1168 2400; x_wconf 90' lang='lat' dir='ltr'><strong>c.</strong></span> <span class='ocrx_word' id='word_1_182' title='bbox 1206 2353 1274 2409; x_wconf 72' lang='lat'><strong>¹4·</strong></span> <span class='ocrx_word' id='word_1_183' title='bbox 1300 2350 1378 2397; x_wconf 86' lang='lat' dir='ltr'><strong>ubi</strong></span> <span class='ocrx_word' id='word_1_184' title='bbox 1400 2349 1604 2396; x_wconf 88' lang='lat' dir='ltr'><strong>omnibus</strong></span> 
     </span>
     <span class='ocr_line' id='line_1_27' title="bbox 230 2419 1601 2491; baseline -0.006 -18"><span class='ocrx_word' id='word_1_185' title='bbox 230 2427 307 2491; x_wconf 86' lang='lat' dir='ltr'><strong>qui</strong></span> <span class='ocrx_word' id='word_1_186' title='bbox 331 2444 355 2473; x_wconf 86' lang='lat' dir='ltr'>a</span> <span class='ocrx_word' id='word_1_187' title='bbox 379 2425 530 2486; x_wconf 80' lang='lat' dir='ltr'><strong>viginti</strong></span> <span class='ocrx_word' id='word_1_188' title='bbox 554 2426 674 2472; x_wconf 86' lang='lat' dir='ltr'><strong>annis</strong></span> <span class='ocrx_word' id='word_1_189' title='bbox 697 2436 738 2472; x_wconf 80' lang='lat' dir='ltr'><strong>et</strong></span> <span class='ocrx_word' id='word_1_190' title='bbox 759 2442 890 2489; x_wconf 86' lang='lat' dir='ltr'><strong>supra</strong></span> <span class='ocrx_word' id='word_1_191' title='bbox 925 2424 1140 2471; x_wconf 82' lang='lat' dir='ltr'><strong>numerati</strong></span> <span class='ocrx_word' id='word_1_192' title='bbox 1164 2433 1289 2479; x_wconf 82' lang='lat' dir='ltr'><strong>sunt,</strong></span> <span class='ocrx_word' id='word_1_193' title='bbox 1317 2420 1445 2468; x_wconf 85' lang='lat' dir='ltr'><strong>morti</strong></span> <span class='ocrx_word' id='word_1_194' title='bbox 1464 2419 1508 2466; x_wconf 86' lang='lat' dir='ltr'><strong>in</strong></span> <span class='ocrx_word' id='word_1_195' title='bbox 1521 2419 1601 2466; x_wconf 88' lang='lat' dir='ltr'><strong>de-</strong></span> 
     </span>
    </p>
   </div>
  </div>
 </body>
</html>
