1763 2838
274 185 288 214 1
301 171 328 214 s,
685 181 717 209 s.
762 178 1005 210 Aucusnm
1041 178 1246 210 Emscom

266 271 287 291 ³>
305 266 372 295 me
392 246 575 312 operarii
597 245 838 309 iniquitatis
852 244 870 274 4
894 244 1244 291 :>›Manifestavit
1268 255 1355 291 tam
1373 261 1524 292 verum
1550 262 1638 294 esse

266 319 384 383 quod
407 319 633 382 baptizant
654 317 874 379 baptismo
896 315 998 360 Jesu
1021 315 1188 361 Christi
1207 316 1334 361 etiam
1353 317 1429 380 qui
1452 317 1639 381 separati

267 401 366 435 sunt
387 389 442 434 ab
462 388 672 442 Ecclesia,
697 403 827 449 quam
853 402 1002 431 verum
1020 396 1082 430 est
1099 386 1217 448 quod
1243 386 1457 433 daemonia
1469 387 1641 451 pellunt

266 460 312 507 in
334 460 505 505 nomine
529 459 631 503 Jesu
663 457 855 502 Christi:
883 456 955 502 sed
980 473 1048 501 eos
1076 467 1311 520 utrumque
1332 474 1409 502 nec
1430 458 1485 502 ad
1506 458 1640 503 vitam

269 541 473 577 {eternam
497 529 753 592 perducere,
778 545 856 573 nec
883 528 938 573 ab
960 527 1131 572 {eternis
1157 528 1383 590 suppliciis
1401 527 1634 575 vindicare.

269 602 333 647 Ac
355 617 433 664 per
455 601 541 646 hoc
562 599 929 663 quemadmodum
951 598 985 643 si
1003 598 1167 644 veniret
1186 597 1240 643 ad
1263 598 1499 644 Ecclesiam
1519 599 1642 661 quis-

267 688 398 735 quam
418 687 586 725 eorum,
615 689 637 716 a
661 671 822 733 quihus
848 669 1012 733 expulit
1029 668 1244 714 daemonia
1267 667 1355 725 ille,
1374 685 1503 731 quem
1521 668 1644 714 vide·

266 752 370 786 runt
393 741 613 804 Discipuli
635 751 881 804 separatum
907 759 929 786 a
953 758 1075 801 grege
1091 744 1110 784 J
1117 756 1189 785 esu
1205 739 1368 785 Christi
1384 740 1542 802 pellere
1555 738 1645 785 dae-

269 812 414 857 monia
432 812 478 858 in
497 813 670 858 nomine
693 812 796 857 Jesu
825 811 1008 867 Christi,
1033 827 1308 874 nequaquam
1333 810 1468 856 virtus
1483 827 1583 873 quae
1599 809 1647 858 in

270 881 344 926 illo
367 880 481 927 facta
496 881 636 927 fuerat
659 891 902 940 negaretur,
927 881 1000 927 sed
1018 881 1055 926 ei
1080 880 1200 943 quod
1221 880 1365 925 deerat
1386 879 1642 926 adderetur:

272 950 332 996 ita
356 952 552 1014 quisquis
572 963 688 996 extra
712 951 947 996 Ecclesiam
971 952 992 996 s
992 952 1098 996 uerit
1120 951 1173 995 ab
1190 950 1405 996 haereticis
1425 950 1489 995 vel
1514 949 1648 995 schis-

274 1021 466 1075 maticis,
494 1031 634 1065 tamen
661 1020 825 1065 Christi
857 1022 1119 1084 baptismate
1140 1032 1438 1077 consecratus,
1468 1038 1570 1067 cum
1595 1018 1650 1065 ad

275 1088 510 1135 Ecclesiam
530 1090 710 1144 venerit,
736 1107 824 1135 non
841 1101 901 1135 est
926 1091 1172 1150 negandum
1196 1101 1516 1136 sacramentum
1532 1090 1651 1138 Veri-

272 1160 386 1215 tatis,
415 1176 502 1223 quo
530 1159 727 1204 imbutus
761 1170 843 1215 est3
877 1159 949 1205 sed
976 1160 1221 1219 adjicienda
1240 1160 1379 1222 pietas
1402 1160 1601 1216 unitatis,
1626 1176 1652 1204 a

275 1246 362 1292 qua
385 1240 604 1293 separatus
628 1239 707 1285 est,
735 1240 776 1275 et
796 1232 883 1275 sine
903 1248 988 1294 qua
1004 1230 1113 1275 illud
1138 1231 1270 1276 inesse
1287 1231 1348 1275 illi
1370 1241 1529 1294 posset,
1550 1246 1652 1293 pro-

276 1299 391 1345 desse
414 1317 501 1345 non
520 1310 673 1363 posset.
701 1300 795 1345 lloc
814 1300 1012 1358 facimus,
1039 1301 1125 1345 hoc
1144 1318 1165 1345 a
1186 1300 1424 1360 majoribus
1442 1299 1653 1346 traditum

277 1370 523 1433 accepimus
543 1407 553 1426 ‚
593 1370 679 1414 hoc
704 1370 748 1415 in
774 1371 993 1416 catholica
1031 1371 1222 1415 Ecclesia
1242 1407 1252 1425 ‚
1296 1388 1395 1433 quae
1423 1381 1512 1417 toto
1547 1371 1653 1416 orbe

277 1440 553 1496 diffunditur,
582 1449 731 1485 contra
761 1457 906 1486 omnes
939 1440 1135 1485 salsitatis
1159 1440 1338 1486 nebulas
1362 1441 1646 1488 custodimus.

277 1511 397 1568 Quid
422 1528 520 1570 ergo
534 1510 640 1555 hinc
656 1527 677 1553 a
696 1509 822 1555 nobis
840 1511 1024 1573 amplius
1044 1510 1358 1573 disputandum
1379 1522 1455 1567 est,
1475 1511 1653 1575 quando

277 1582 368 1645 ipse
391 1581 580 1626 breviter
601 1578 728 1624 solvit
752 1581 1037 1642 quaestionem
1053 1617 1062 1635 ‚
1091 1581 1473 1625 commemorando
1501 1582 1654 1628 Evan-

280 1651 415 1711 gelica
434 1648 675 1696 testimonia
694 1684 704 1703 ,
741 1650 901 1711 quibus
936 1650 1133 1712 profecto
1152 1667 1163 1705 3
1195 1650 1228 1695 si
1254 1651 1544 1696 contentiosus
1568 1668 1655 1696 esse

278 1722 428 1777 nollet,
455 1732 497 1767 et
522 1736 647 1766 suum
672 1716 897 1766 damnaret
923 1737 1128 1777 errorem,
1150 1721 1655 1784 etbaptisniicognosce-

280 1804 345 1838 ret
364 1792 583 1837 veritatem
605 1794 623 1836 ’1)

355 1863 473 1908 XVI.
503 1861 622 1917 Quid
644 1862 787 1925 itaque
813 1878 922 1924 opus
943 1871 1003 1906 est
1028 1861 1172 1907 omnia
1195 1865 1285 1921 ejus
1304 1863 1434 1909 verba
1453 1873 1650 1921 retexere,

280 1933 441 1996 quihus
467 1941 612 1991 argute
640 1931 722 1976 sibi
765 1931 935 1977 videtur
955 1931 1095 1977 dicere
1115 1969 1125 1987 ‚
1164 1943 1204 1977 et
1236 1934 1371 1978 multa
1393 1933 1656 1996 loquacitate

279 2019 460 2057 versare,
480 2001 575 2046 ideo
600 2001 717 2063 apud
733 2018 774 2047 se
793 2019 877 2046 esse
900 2018 1048 2048 verum
1062 2002 1350 2064 baptismum,
1364 2004 1467 2067 quia
1489 2014 1529 2049 et
1545 2020 1656 2049 ano-

280 2072 348 2117 bis
369 2071 638 2131 agnoscitur,
686 2089 773 2116 11011
802 2076 1007 2131 negaturi)
1046 2073 1155 2117 Nan]
1191 2074 1387 2136 quisquis
1413 2075 1589 2119 firmum
1615 2084 1658 2119 et

280 2141 583 2186 inconcussum
614 2141 810 2197 tenuerit,
843 2142 962 2204 quod
997 2141 1214 2187 verissima
1248 2154 1289 2187 et
1306 2143 1567 2189 inviolabilis
1588 2160 1658 2189 re-

283 2210 381 2270 gula
404 2210 594 2256 veritatis
621 2211 832 2265 ostendit,
859 2212 903 2255 id
938 2212 983 2255 111
1016 2228 1280 2274 unoquoque
1312 2212 1656 2276 improbandum

282 2280 349 2327 vel
367 2279 686 2326 emendandum
708 2279 827 2343 quod
851 2280 1006 2325 falsum
1030 2291 1157 2342 atque
1180 2282 1382 2328 vitiosum
1399 2294 1477 2339 est,
1499 2300 1656 2343 agnos-

282 2350 467 2396 cendum
484 2361 625 2395 autem
643 2361 684 2395 et
701 2351 1018 2414 acceptandum
1034 2351 1154 2414 quod
1171 2369 1320 2398 verum
1341 2364 1469 2416 atque
1487 2364 1654 2400 rectum

283 2430 369 2474 est3
395 2419 524 2465 simul
542 2419 670 2477 vidit,
698 2430 739 2468 et
760 2421 869 2485 quid
891 2421 936 2472 in
957 2422 1286 2474 Donatistarum
1304 2423 1459 2472 haeresi
1476 2423 1656 2476 deteste-

333 2504 343 2527 ¹
367 2503 483 2549 Metili.
500 2514 560 2550 vn,
577 2514 633 2537 υ.
