1763 2838
240 123 335 186 374
664 135 701 165 5.
741 134 985 169 mausum
1019 135 1222 169 Errscom

248 223 268 243 »
288 212 415 246 natus
434 198 564 256 fuerit
587 197 753 254 denuo,
769 216 858 245 non
882 211 1024 264 potest
1055 201 1200 249 videre
1225 216 1404 262 regnum
1432 202 1514 249 Dei
1528 202 1563 251 1.
1595 224 1616 247 ))

250 273 439 334 Oportet
456 269 587 330 igitur
608 280 656 315 ut
678 281 946 316 sacramento
969 272 1297 332 regenerationis
1318 310 1329 329 ,
1362 290 1415 318 ne
1435 273 1524 319 sine
1543 273 1619 338 illo

248 341 358 386 male
384 340 437 386 de
460 340 546 385 hac
563 339 652 385 vita
670 351 785 386 exeat
801 378 812 397 ,
839 341 968 386 61111111
986 341 1197 405 parvulus
1216 343 1442 390 imbuatur
1463 361 1474 389 :
1502 343 1621 407 quod

246 429 332 456 non
352 412 405 456 fit
424 410 505 456 nisi
524 409 569 455 in
586 410 878 456 remissionem
904 422 1201 475 peccatorum.
1228 411 1361 469 Quod
1381 413 1508 459 etiam
1525 414 1621 478 ipso

245 481 342 526 loco
372 480 572 527 Christus
597 480 805 538 ostendit,
827 498 927 527 cum
959 482 1248 542 interrogatus
1277 481 1500 547 quomodo
1515 501 1622 547 pos-

248 562 340 597 sent
364 552 443 597 ista
465 551 576 608 fieri,
599 553 955 613 commemoravit
969 552 1077 618 quid
1093 554 1260 616 Moyses
1282 554 1431 600 fecerit
1449 555 1494 600 in
1513 554 1623 600 exal-

249 622 409 668 tatione
436 623 658 686 serpentis.
685 622 798 668 Cum
816 622 961 688 itaque
974 641 1057 688 per
1076 623 1287 687 baptismi
1308 634 1625 679 sacramentum

248 693 378 756 morti
418 691 583 738 Christi
628 691 954 739 conformentur
996 692 1206 750 infantes,
1247 711 1317 740 eos
1360 712 1383 740 a
1419 694 1627 757 serpentis

246 779 394 808 morsu
411 760 637 807 fatendum
661 773 721 808 est
745 763 941 820 liberari,
962 764 996 809 si
1022 782 1044 809 a
1065 763 1317 811 christianae
1351 763 1453 811 fidei
1478 763 1628 823 regula

249 832 452 877 nolumus
489 831 702 878 aberrare.
751 828 894 890 Quem
935 844 1080 880 tamen
1114 852 1307 881 morsum
1344 852 1433 880 non
1464 835 1511 880 in
1553 850 1629 880 sua

249 901 338 947 vita
363 901 545 965 propria
560 938 572 958 ,
596 900 733 947 sedin
756 901 831 948 1110
860 903 932 949 6111
955 903 1160 967 primitus
1176 904 1368 960 inflictus
1392 914 1476 961 est,
1501 920 1630 949 acce-

250 981 424 1035 perunt.

315 1041 473 1089 XLIV.
501 1042 650 1107 Neque
667 1041 778 1088 illud
801 1042 922 1090 fallat
936 1081 948 1101 ,
966 1044 1087 1108 quod
1106 1062 1185 1091 nec
1206 1044 1376 1109 parenti
1401 1054 1502 1108 post
1521 1060 1631 1094 con-

254 1113 492 1159 versionem
512 1113 672 1159 obsunt
689 1114 869 1177 propria
889 1126 1070 1178 peccata
1089 1133 1099 1160 :
1123 1115 1332 1173 «Quanto
1349 1115 1464 1160 enim
1478 1112 1630 1173 magis,

256 1204 277 1225 »
296 1182 519 1259 inquiunt,
545 1183 635 1228 filio
657 1187 746 1243 ejus
770 1184 916 1230 obesse
933 1202 1021 1231 non
1046 1189 1261 1249 possunt?
1288 1208 1309 1227 »
1341 1184 1425 1231 Sed
1451 1183 1525 1248 qui
1546 1183 1635 1228 hoc

257 1253 477 1310 sentiunt,
504 1270 592 1298 non
619 1253 847 1299 attendunt
860 1254 995 1318 ,quia
1010 1255 1120 1301 sicut
1134 1255 1302 1319 parenti
1320 1272 1398 1318 per
1415 1254 1502 1299 hoc
1515 1251 1637 1330 quod

256 1323 413 1385 spiritu
436 1333 611 1368 renatus
626 1335 687 1369 est
706 1325 887 1401 propria
910 1336 1090 1388 peccata
1124 1343 1212 1371 11011
1238 1325 1433 1380 obsunt,
1470 1324 1530 1369 ita
1560 1322 1638 1386 qui

257 1390 310 1435 de
336 1390 410 1436 illo
435 1402 560 1437 natus
578 1403 665 1448 est,
692 1393 774 1439 nisi
792 1411 842 1440 eo
862 1394 992 1440 modo
1012 1405 1280 1451 renascatur,
1308 1411 1432 1458 quaet
1420 1412 1442 1439 a
1461 1403 1639 1458 parente

261 1472 400 1506 11116111
429 1473 557 1519 511111,
592 1464 793 1521 oberunt.
825 1465 940 1522 Quia
963 1476 1005 1511 61
1027 1465 1161 1525 innov
1166 1466 1224 1512 ati
1245 1476 1461 1530 parentes,
1481 1481 1570 1510 non
1592 1481 1640 1509 ex

258 1532 463 1596 primitiis
494 1533 724 1590 novitatis,
756 1534 830 1580 sed
853 1552 902 1580 ex
935 1522 1129 1599 reliquiis
1156 1536 1380 1583 vetustatis
1407 1533 1640 1581 carnaliter

262 1603 444 1663 gignunt
458 1623 468 1657 3
485 1615 527 1650 et
543 1604 622 1650 filii
642 1622 689 1650 ex
705 1616 938 1668 parentum
958 1604 1124 1670 reliqua
1141 1616 1350 1653 vetustate
1367 1605 1447 1651 toti
1463 1603 1639 1660 vetusti,

265 1684 307 1718 61
330 1691 376 1718 111
402 1675 572 1739 peccati
604 1692 732 1721 carne
755 1677 1018 1740 propagati,
1050 1676 1375 1723 damnationem
1402 1674 1536 1723 veteri
1554 1674 1643 1720 ho—

268 1743 375 1788 mini
402 1743 596 1789 debitam
631 1756 899 1791 sacramento
923 1746 1125 1809 spiritalis
1154 1745 1485 1807 regenerationis
1507 1754 1549 1790 et
1571 1760 1644 1789 re-

266 1813 509 1859 novationis
548 1813 753 1876 evadunt‚
801 1815 919 1861 Illud
963 1833 1152 1880 namque
1201 1817 1426 1880 praecipue
1464 1824 1645 1879 propter

268 1884 527 1947 quaestiones
548 1901 648 1949 quae
670 1884 723 1931 de
746 1885 831 1931 hac
855 1904 899 1932 re
922 1897 1054 1932 1110116
1072 1898 1200 1942 sunt,
1222 1887 1290 1935 vel
1305 1886 1470 1933 moveri
1498 1883 1646 1938 adhuc

268 1965 479 2018 possunt,
508 1955 726 2001 attendere
752 1974 801 2002 ac
829 1957 1072 2003 meminisse
1095 1957 1304 2003 debemus
1340 1953 1646 2015 tantummodo

269 2036 550 2088 peccatorum
578 2026 775 2087 omnium
799 2027 976 2091 plenam
1002 2026 1326 2093 perfectamque
1353 2024 1647 2072 remissionem

269 2095 489 2158 baptismo
509 2097 601 2142 fieri
619 2118 631 2152 ;
657 2097 848 2145 hominis
871 2116 973 2146 vero
994 2099 1128 2162 ipsius
1139 2098 1393 2164 qualitatem
1408 2114 1496 2155 non
1511 2105 1648 2141 totam

273 2166 481 2212 continuo
517 2169 779 2214 commutari
810 2188 820 2214 :
856 2169 928 2215 sed
966 2169 1178 2233 spiritales
1210 2168 1422 2233 primitias
1459 2166 1506 2212 in
1537 2165 1649 2211 bene

269 2237 601 2298 proficientibus
623 2238 676 2285 de
695 2240 764 2286 die
786 2241 833 2286 in
855 2240 970 2286 diem
999 2241 1189 2288 novitate
1213 2249 1428 2286 crescente
1446 2252 1648 2283 commu-

265 2315 355 2351 tare
378 2307 423 2352 in
442 2325 484 2353 se
508 2309 630 2372 quod
645 2311 872 2359 carnaliter
894 2322 1019 2359 vetus
1043 2322 1133 2369 651,
1161 2311 1301 2359 donec
1324 2320 1469 2369 totum
1487 2307 1548 2354 ita
1574 2322 1645 2352 re-

322 2414 333 2436 1
353 2417 450 2449 Joan.
472 2427 522 2455 111,
545 2419 579 2452 3.
