1763 2838
317 167 410 214 226
739 178 773 208 5.
816 176 1058 210 Aucusrnxu
1093 177 1296 210 131³1se01>1

314 235 506 292 Proinde
529 240 563 290 si
583 242 932 289 communionem
966 254 1158 290 nostram
1183 243 1316 301 dicis,
1350 241 1561 290 neminem
1587 256 1685 289 ves-

312 325 428 363 trum
449 314 524 379 qui
547 314 591 360 in
620 330 772 360 manus
794 325 959 360 nostras
991 313 1150 360 incidit
1182 315 1359 362 evasisse
1378 352 1388 371 ,
1417 314 1584 360 utinam
1608 330 1686 361 ve-

313 394 409 434 rum
430 385 604 431 diceres.
643 380 777 430 Valde
800 383 966 448 quippe
993 382 1174 431 feliciter
1197 403 1286 432 non
1309 385 1540 434 evaderent
1562 401 1686 430 com-

314 458 565 506 munionem
611 472 712 519 quae
755 456 933 502 offertur
980 471 1003 502 a
1055 456 1309 514 catholicis,
1360 467 1410 503 ut
1459 456 1687 502 evaderent

313 528 637 577 damnationem
670 542 769 590 quae
804 537 984 591 paratur
1018 524 1248 575 haereticis.
1292 527 1380 574 Sed
1415 526 1571 573 falsum
1601 542 1686 572 esse

317 600 435 668 quod
459 597 592 654 dicis,
617 596 685 644 vel
707 612 754 644 ex
773 608 913 644 vestro
939 598 1128 645 Emerito
1154 599 1342 660 cogitare
1369 598 1578 663 potuisti,
1611 596 1688 660 qui

314 690 416 720 cum
433 669 615 718 venisset
638 668 690 715 ad
706 685 782 714 nos
798 706 806 724 ‚
831 668 998 715 facilius
1016 680 1076 715 est
1093 670 1269 716 veritate
1288 670 1512 717 convictus
1525 705 1536 723 ‚
1555 684 1687 731 quam

316 741 637 792 communicare
660 740 927 803 compulsus,
958 740 1069 786 Sunt
1099 752 1141 787 et
1167 741 1239 787 alii
1261 741 1376 787 fama
1399 739 1575 804 quidem
1600 738 1687 784 mi-

315 829 439 862 nores
458 851 468 870 ‚
492 811 563 858 sed
590 810 770 856 stultitia
791 828 928 874 pares.
962 811 1168 876 Quisquis
1191 813 1304 858 enim
1332 813 1415 857 suit
1435 810 1585 857 similis
1607 827 1687 856 va-

314 884 490 940 nitatis,
528 890 747 928 utcontra
782 879 1170 927 manifestissimam
1206 883 1425 928 veritatem
1455 879 1688 945 perversis-

316 956 424 1003 sima
456 950 720 1001 verecundia
752 951 871 995 fieret
903 951 1124 1013 pertinax‚
1159 969 1258 997 cum
1295 953 1439 1015 putari
1473 949 1689 996 erubescit

316 1021 564 1074 inconstans
582 1058 594 1078 ,
619 1038 765 1085 expers
790 1039 811 1066 a
836 1021 962 1066 nobis
986 1021 1217 1068 catholicae
1241 1021 1559 1068 communionis
1591 1020 1688 1065 abs-

318 1097 455 1145 cessit.
492 1093 578 1141 Sed
602 1091 698 1139 ideo
725 1090 864 1136 dixisti
889 1109 899 1137 ε
932 1113 951 1133 «
972 1093 1179 1155 Quisquis
1204 1093 1245 1138 in
1271 1110 1420 1138 eorum
1444 1108 1595 1137 manus
1618 1090 1687 1135 in-

314 1167 453 1223 cidit,
488 1182 577 1210 non
605 1160 766 1218 evasit3
798 1184 817 1203 >)
847 1163 1053 1226 quoniam
1086 1164 1369 1226 paucissimos
1408 1161 1687 1225 apertissimae

312 1235 484 1285 veritati
502 1242 822 1298 perseveranter
846 1233 1081 1277 resistentes
1105 1244 1145 1278 et
1169 1233 1432 1279 discedentes
1456 1232 1585 1277 latere
1612 1247 1686 1275 ar-

314 1308 502 1353 bitratus
520 1321 576 1351 es.
609 1301 693 1348 Sed
726 1302 917 1347 Emerito
947 1301 1084 1348 fecisti
1121 1303 1361 1349 secundum
1391 1319 1464 1348 vos
1484 1300 1686 1362 gravissi-

312 1395 428 1423 mam
449 1371 652 1435 injuriam
671 1409 682 1428 ,
705 1371 782 1435 qui
797 1371 987 1435 perdidit
1005 1373 1123 1435 apud
1144 1384 1182 1418 te
1198 1373 1371 1419 duritiae
1387 1390 1474 1419 suae
1490 1371 1684 1426 laudem,

312 1458 521 1510 tanquam
552 1443 711 1489 frustra
741 1458 826 1487 esse
858 1443 1044 1488 voluerit
1072 1444 1183 1489 inter
1214 1461 1376 1507 paucos
1408 1443 1575 1490 veritati
1599 1459 1686 1487 non

313 1515 625 1564 consentientes
643 1551 654 1570 ‚
679 1512 782 1576 quia
811 1511 1013 1575 deputari
1037 1514 1197 1559 meruit
1220 1515 1330 1560 inter
1360 1514 1551 1561 latentes.
1580 1513 1687 1570 Quis

311 1599 508 1635 nostrum
533 1602 619 1630 non
645 1593 686 1629 te
714 1582 860 1628 credat
885 1583 1076 1630 invidere
1100 1584 1307 1644 collegae?
1339 1588 1423 1630 Aut
1455 1585 1488 1630 si
1511 1601 1598 1630 non
1622 1586 1686 1629 in-

312 1658 434 1705 vides
453 1694 463 1712 ,
484 1655 667 1701 imitare.
698 1652 806 1719 Veni
827 1653 880 1698 ad
903 1670 980 1699 nos
998 1665 1039 1699 et
1060 1665 1105 1700 tu
1123 1692 1134 1711 ‚
1161 1656 1274 1700 sicut
1295 1656 1387 1717 ipse
1405 1674 1416 1707 3
1447 1653 1548 1699 audi
1567 1653 1685 1716 quod

313 1728 501 1774 dicimus
520 1763 531 1780 ‚
556 1724 669 1769 sicut
692 1723 781 1787 ipse
800 1743 810 1776 ;
838 1723 1048 1787 responde
1067 1725 1100 1769 si
1124 1735 1246 1788 potes
1261 1762 1270 1780 ‚
1295 1724 1413 1788 quod
1438 1742 1524 1770 non
1542 1724 1687 1788 potuit

313 1799 420 1863 ipse.
447 1797 492 1843 Si
519 1805 664 1856 autem
683 1810 762 1838 nec
782 1794 1039 1856 respondere
1057 1832 1067 1851 ‚
1092 1812 1170 1840 nec
1192 1795 1515 1841 communicare
1533 1795 1687 1842 volue-

315 1871 374 1915 ris
390 1906 400 1924 ‚
429 1865 600 1913 discede
619 1902 628 1919 ‚
657 1864 768 1909 sicut
792 1864 895 1927 ipse.
926 1865 1038 1910 Ecce
1065 1865 1136 1910 illc
1158 1864 1211 1910 de
1237 1866 1392 1911 nostris
1413 1867 1614 1912 manibus
1637 1866 1687 1911 il-

316 1941 443 1987 laesus
465 1935 679 1983 abscessit.
698 1936 766 1980 Tu
786 1951 919 1997 quare
932 1935 1041 1981 dicis
1067 1953 1076 1980 :
1103 1957 1121 1975 «
1144 1935 1351 1998 Quisquis
1370 1937 1412 1981 in
1431 1954 1579 1982 eorum
1598 1954 1687 1983 ma-

317 2028 398 2058 nus
421 2006 602 2061 incidit,
623 2022 711 2050 non
730 2005 862 2051 evasit
878 2009 895 2050 '2³
917 2026 936 2046 »
962 2005 1074 2050 Ecce
1091 2003 1161 2050 ille
1183 2022 1269 2050 non
1293 2007 1376 2051 sihi
1396 2007 1578 2052 credidit
1594 2007 1688 2056 loca

316 2081 517 2128 defutura
547 2076 626 2122 ubi
656 2085 798 2139 posset
830 2075 960 2120 latere
995 2093 1005 2120 :
1040 2086 1088 2121 tu
1118 2092 1251 2139 quare
1286 2076 1479 2140 disponis
1513 2077 1686 2123 ardere?

316 2152 459 2197 Ita-ne
486 2145 682 2193 nondum
713 2145 831 2191 vidos
865 2162 940 2190 vos
969 2162 1053 2191 esse
1086 2145 1232 2208 potius
1258 2148 1333 2209 qui
1357 2164 1442 2192 non
1468 2146 1687 2210 pertinetis

317 2221 373 2268 ad
402 2224 543 2266 Deum
563 2253 575 2273 ‚
600 2225 641 2261 et
663 2215 739 2278 qui
763 2215 902 2260 facitis
925 2226 1076 2260 contra
1101 2217 1240 2260 Deum
1256 2253 1266 2271 ‚
1294 2234 1379 2262 non
1408 2217 1547 2263 solum
1571 2227 1688 2280 peste

316 2288 538 2339 communi
558 2303 644 2351 qua
659 2285 819 2331 Christi
840 2285 994 2330 unitati
1009 2285 1200 2331 resistitis
1216 2306 1226 2339 ς
1250 2287 1321 2332 sed
1341 2289 1467 2333 etiam
1482 2305 1557 2333 vos
1575 2303 1683 2350 prae-

312 2362 443 2426 cipue
463 2397 473 2415 ‚
496 2358 573 2422 qui
590 2355 697 2402 huic
716 2366 836 2401 tanto
859 2355 1005 2401 sceleri
1021 2366 1160 2402 vestro
1175 2393 1185 2412 ,
1206 2357 1331 2403 ctiam
1350 2368 1510 2404 vestras
1530 2367 1688 2402 mortes

311 2433 467 2481 addere
492 2427 732 2474 festinatis?

377 2502 519 2548 XLH.
558 2498 700 2543 Verba
731 2497 964 2559 Epistolae:
1009 2520 1029 2540 «
1059 2498 1143 2544 Sed
1175 2500 1378 2562 quoniam
1410 2495 1687 2561 prudentiam
