1763 2838
602 188 964 223 ANNo'rA'rtoNEs.
1377 177 1466 241 557

99 265 211 303 serto
230 253 447 302 obeundae
471 253 673 312 addictis,
695 255 886 302 decrevit
922 257 1038 302 Deus
1053 265 1231 302 caeteros
1251 255 1295 302 in
1313 267 1472 303 terram

98 326 394 390 promissionis
413 325 688 372 introducere
708 337 835 372 aetate
850 326 1058 386 juniores,
1081 327 1156 390 qui
1179 327 1311 373 Josue
1329 344 1367 374 c.
1393 329 1467 375 23.

99 412 141 443 v.
174 397 216 444 6.
246 407 288 442 et
312 397 356 444 8.
387 396 622 443 laudantur
634 412 723 442 non
746 395 981 443 declinasse
1003 413 1026 442 a
1049 395 1139 458 lege
1155 433 1168 454 ,
1193 413 1273 443 nec
1294 395 1349 442 ad
1367 396 1472 443 (lex-

99 477 235 513 teram
254 484 333 515 nec
356 467 411 514 ad
427 468 659 519 sinistram,

446 653 705 689 ANNorAno
742 636 847 704 (12)
883 655 981 703 pag.
1023 638 1130 702 389.

166 796 329 858 Pelagii
362 797 409 843 in
443 797 632 844 Paulum
663 796 997 844 commentarios
1037 796 1144 842 citat
1183 796 1399 841 Mercator
1431 795 1476 841 in

103 869 442 916 Commentario.
471 886 510 916 c..
539 886 580 916 2.
600 869 828 914 sententias
850 868 965 914 illius
989 866 1152 913 ibidem
1173 866 1336 930 profert
1366 866 1476 912 mul-

105 948 185 995 tas,
208 955 308 1003 quae
320 939 500 985 totidem
518 938 604 985 fere
622 939 766 985 verbis
783 938 985 999 leguntur
1002 937 1047 984 in
1065 937 1385 984 commentariis
1401 953 1478 983 no-

102 1009 219 1056 mine
236 1009 494 1075 Hieronymi
517 1008 624 1056 falso
651 1009 903 1073 publicatis.

447 1195 704 1229 ANNorArro
741 1177 843 1244 (13)
878 1194 979 1242 pag.
1021 1177 1130 1240 398.

175 1342 320 1397 Anno,
347 1338 582 1394 credimus,
607 1339 718 1393 411.
757 1350 859 1381 cum
895 1331 1014 1396 apud
1041 1329 1349 1390 Carthaginem
1377 1328 1484 1375 Col-

106 1411 212 1458 latio
236 1429 337 1458 cum
358 1408 594 1457 Donatistis
609 1407 866 1455 haberetur.
899 1404 999 1460 Quo
1013 1413 1205 1464 ternpore
1216 1400 1439 1459 Pelagium
1460 1417 1484 1444 a

107 1500 150 1528 se
172 1482 313 1529 visum
341 1490 521 1527 testatur
541 1477 807 1540 Augustinus
832 1473 944 1521 infra
961 1474 1007 1520 in
1027 1472 1106 1519 lib.
1132 1472 1185 1518 de
1211 1471 1337 1531 gestis
1358 1469 1486 1516 Pela-

109 1553 168 1614 gii
189 1571 289 1617 cap.
319 1569 394 1601 22.

456 1736 714 1771 Amorum
754 1718 855 1784 (14)
893 1732 991 1781 pag.
1034 1713 1142 1773 408.

180 1889 249 1937 Ad
275 1882 608 1934 commentarios
637 1880 683 1927 in
707 1877 894 1925 Paulum
916 1874 1027 1920 inter
1050 1868 1304 1932 Hieronymi
1327 1883 1456 1930 opera
1474 1900 1485 1920 ,

114 1961 192 2027 qui
214 1959 284 2009 vel
309 1957 363 2005 ad
390 1954 615 2016 Pelagium
649 1949 718 1999 vel
749 1947 805 1994 ad
831 1946 1018 2009 aliquem
1053 1959 1101 1989 ex
1135 1941 1269 2006 ipsius
1292 1937 1491 1999 discipu-

114 2032 167 2079 lis
189 2029 422 2096 pertinent.

474 2201 729 2242 ANNOTATIO
764 2182 864 2248 (15)
898 2195 997 2246 pag.
1039 2177 1149 2241 476.

186 2347 393 2397 Nondum
411 2344 458 2390 in
475 2345 566 2402 ejus
579 2351 732 2385 manus
754 2340 931 2380 venerat
954 2324 1162 2374 Eusebius
1181 2335 1329 2369 versus
1354 2336 1375 2365 a
1399 2319 1498 2397 Pru-

122 2422 229 2477 fino,
250 2417 327 2484 qui
361 2416 406 2461 in
428 2413 563 2476 ipsius
588 2404 784 2454 historiae
819 2401 933 2448 libro
964 2414 1006 2462 7.
1047 2412 1085 2442 c.
1119 2394 1193 2471 ⁶7³4.
1239 2391 1499 2468 §regor-ium

124 2492 417 2539 Neocaesareae
434 2479 565 2531 Ponti
593 2475 824 2525 antistitem
846 2467 997 2535 prodit
1017 2464 1064 2512 id
1081 2459 1282 2513 miraculi
1297 2458 1497 2514 effecisse,
