<?xml version="1.0" encoding="UTF-8"?>
<!DOCTYPE html PUBLIC "-//W3C//DTD XHTML 1.0 Transitional//EN"
    "http://www.w3.org/TR/xhtml1/DTD/xhtml1-transitional.dtd">
<html xmlns="http://www.w3.org/1999/xhtml" xml:lang="en" lang="en">
 <head>
  <title>
</title>
<meta http-equiv="Content-Type" content="text/html;charset=utf-8" />
  <meta name='ocr-system' content='tesseract 3.04.00' />
  <meta name='ocr-capabilities' content='ocr_page ocr_carea ocr_par ocr_line ocrx_word'/>
</head>
<body>
  <div class='ocr_page' id='page_1' title='image "./operaomniaaccura33auguuoft_0272.png"; bbox 0 0 1763 2838; ppageno 0'>
   <div class='ocr_carea' id='block_1_1' title="bbox 291 90 1255 134">
    <p class='ocr_par' dir='ltr' id='par_1_1' title="bbox 291 90 1255 134">
     <span class='ocr_line' id='line_1_1' title="bbox 291 90 1255 134; baseline -0.002 -2"><span class='ocrx_word' id='word_1_1' title='bbox 291 90 381 134; x_wconf 78' lang='lat'><strong>262</strong></span> <span class='ocrx_word' id='word_1_2' title='bbox 700 103 733 132; x_wconf 85' lang='lat' dir='ltr'><strong>s.</strong></span> <span class='ocrx_word' id='word_1_3' title='bbox 779 101 1020 131; x_wconf 75' lang='lat' dir='ltr'><strong>At&#39;GUSTINl</strong></span> <span class='ocrx_word' id='word_1_4' title='bbox 1056 102 1255 131; x_wconf 68' lang='lat' dir='ltr'><strong>Episcom</strong></span> 
     </span>
    </p>
   </div>
   <div class='ocr_carea' id='block_1_2' title="bbox 286 167 1669 2405">
    <p class='ocr_par' dir='ltr' id='par_1_2' title="bbox 288 167 1661 426">
     <span class='ocr_line' id='line_1_2' title="bbox 292 167 1661 232; baseline 0.003 -21"><span class='ocrx_word' id='word_1_5' title='bbox 292 190 313 212; x_wconf 88' lang='grc'>»</span> <span class='ocrx_word' id='word_1_6' title='bbox 330 185 431 214; x_wconf 91' lang='lat' dir='ltr'><strong>cum</strong></span> <span class='ocrx_word' id='word_1_7' title='bbox 453 167 700 223; x_wconf 82' lang='lat' dir='ltr'><strong>Abraham,</strong></span> <span class='ocrx_word' id='word_1_8' title='bbox 725 168 846 212; x_wconf 81' lang='lat' dir='ltr'>Isaac</span> <span class='ocrx_word' id='word_1_9' title='bbox 866 177 906 212; x_wconf 85' lang='lat' dir='ltr'><strong>et</strong></span> <span class='ocrx_word' id='word_1_10' title='bbox 928 167 1066 212; x_wconf 82' lang='lat' dir='ltr'><strong>Jacob</strong></span> <span class='ocrx_word' id='word_1_11' title='bbox 1088 187 1098 220; x_wconf 78' lang='grc' dir='ltr'><strong>ς</strong></span> <span class='ocrx_word' id='word_1_12' title='bbox 1125 167 1201 212; x_wconf 89' lang='lat' dir='ltr'><strong>ubi</strong></span> <span class='ocrx_word' id='word_1_13' title='bbox 1220 184 1306 212; x_wconf 85' lang='lat' dir='ltr'><strong>non</strong></span> <span class='ocrx_word' id='word_1_14' title='bbox 1325 167 1403 212; x_wconf 87' lang='lat' dir='ltr'><strong>erit</strong></span> <span class='ocrx_word' id='word_1_15' title='bbox 1422 169 1500 224; x_wconf 85' lang='lat' dir='ltr'><strong>sol,</strong></span> <span class='ocrx_word' id='word_1_16' title='bbox 1522 186 1661 232; x_wconf 85' lang='lat' dir='ltr'><strong>neque</strong></span> 
     </span>
     <span class='ocr_line' id='line_1_3' title="bbox 290 236 1657 300; baseline -0.001 -15"><span class='ocrx_word' id='word_1_17' title='bbox 290 260 310 281; x_wconf 74' lang='lat'><strong>³&gt;</strong></span> <span class='ocrx_word' id='word_1_18' title='bbox 334 238 447 285; x_wconf 86' lang='lat' dir='ltr'><strong>ullus</strong></span> <span class='ocrx_word' id='word_1_19' title='bbox 464 248 591 284; x_wconf 82' lang='lat' dir='ltr'><strong>aestus</strong></span> <span class='ocrx_word' id='word_1_20' title='bbox 608 236 624 266; x_wconf 78' lang='lat'><strong>1</strong></span> <span class='ocrx_word' id='word_1_21' title='bbox 642 274 652 293; x_wconf 90' lang='lat'><strong>,</strong></span> <span class='ocrx_word' id='word_1_22' title='bbox 679 258 698 278; x_wconf 86' lang='lat'><strong>›&gt;</strong></span> <span class='ocrx_word' id='word_1_23' title='bbox 718 237 791 283; x_wconf 92' lang='lat' dir='ltr'><strong>sed</strong></span> <span class='ocrx_word' id='word_1_24' title='bbox 806 237 849 282; x_wconf 86' lang='lat' dir='ltr'><strong>in</strong></span> <span class='ocrx_word' id='word_1_25' title='bbox 864 237 1019 282; x_wconf 88' lang='lat' dir='ltr'><strong>umbra</strong></span> <span class='ocrx_word' id='word_1_26' title='bbox 1035 237 1208 282; x_wconf 84' lang='lat' dir='ltr'>Domini</span> <span class='ocrx_word' id='word_1_27' title='bbox 1222 256 1301 300; x_wconf 73' lang='lat' dir='ltr'><strong>pax</strong></span> <span class='ocrx_word' id='word_1_28' title='bbox 1316 248 1356 283; x_wconf 86' lang='lat' dir='ltr'><strong>ct</strong></span> <span class='ocrx_word' id='word_1_29' title='bbox 1372 238 1657 298; x_wconf 68' lang='lat' dir='ltr'><strong>refrigerium,</strong></span> 
     </span>
     <span class='ocr_line' id='line_1_4' title="bbox 288 308 1661 374; baseline 0 -19"><span class='ocrx_word' id='word_1_30' title='bbox 288 308 466 374; x_wconf 89' lang='lat' dir='ltr'><strong>quando</strong></span> <span class='ocrx_word' id='word_1_31' title='bbox 489 308 631 353; x_wconf 89' lang='lat' dir='ltr'><strong>luctus</strong></span> <span class='ocrx_word' id='word_1_32' title='bbox 649 319 791 354; x_wconf 88' lang='lat' dir='ltr'><strong>noster</strong></span> <span class='ocrx_word' id='word_1_33' title='bbox 820 326 835 354; x_wconf 66' lang='lat' dir='ltr'>x</span> <span class='ocrx_word' id='word_1_34' title='bbox 849 318 1008 353; x_wconf 90' lang='lat' dir='ltr'><strong>ertetur</strong></span> <span class='ocrx_word' id='word_1_35' title='bbox 1025 309 1068 353; x_wconf 89' lang='lat' dir='ltr'><strong>in</strong></span> <span class='ocrx_word' id='word_1_36' title='bbox 1089 308 1299 353; x_wconf 85' lang='lat' dir='ltr'><strong>citharam</strong></span> <span class='ocrx_word' id='word_1_37' title='bbox 1320 346 1330 364; x_wconf 83' lang='lat'><strong>,</strong></span> <span class='ocrx_word' id='word_1_38' title='bbox 1355 321 1395 354; x_wconf 90' lang='lat' dir='ltr'><strong>et</strong></span> <span class='ocrx_word' id='word_1_39' title='bbox 1419 327 1541 355; x_wconf 87' lang='lat' dir='ltr'><strong>voces</strong></span> <span class='ocrx_word' id='word_1_40' title='bbox 1557 310 1661 355; x_wconf 88' lang='lat' dir='ltr'><strong>flen-</strong></span> 
     </span>
     <span class='ocr_line' id='line_1_5' title="bbox 291 379 962 426; baseline -0.001 -1"><span class='ocrx_word' id='word_1_41' title='bbox 291 380 398 426; x_wconf 88' lang='lat' dir='ltr'>tium</span> <span class='ocrx_word' id='word_1_42' title='bbox 423 379 465 424; x_wconf 90' lang='lat' dir='ltr'><strong>in</strong></span> <span class='ocrx_word' id='word_1_43' title='bbox 492 389 645 423; x_wconf 88' lang='lat' dir='ltr'><strong>cantus</strong></span> <span class='ocrx_word' id='word_1_44' title='bbox 661 379 962 425; x_wconf 79' lang='lat' dir='ltr'><strong>exultantium.</strong></span> 
     </span>
    </p>

    <p class='ocr_par' dir='ltr' id='par_1_3' title="bbox 286 447 1667 1638">
     <span class='ocr_line' id='line_1_6' title="bbox 353 447 1662 513; baseline 0 -19"><span class='ocrx_word' id='word_1_45' title='bbox 353 450 436 495; x_wconf 84' lang='lat' dir='ltr'><strong>Ill.</strong></span> <span class='ocrx_word' id='word_1_46' title='bbox 468 449 703 504; x_wconf 81' lang='lat' dir='ltr'><strong>Caeterum,</strong></span> <span class='ocrx_word' id='word_1_47' title='bbox 721 447 1003 505; x_wconf 70' lang='lat' dir='ltr'><strong>dilectissimi,</strong></span> <span class='ocrx_word' id='word_1_48' title='bbox 1032 448 1136 495; x_wconf 93' lang='lat' dir='ltr'><strong>dum</strong></span> <span class='ocrx_word' id='word_1_49' title='bbox 1157 450 1209 495; x_wconf 90' lang='lat' dir='ltr'><strong>de</strong></span> <span class='ocrx_word' id='word_1_50' title='bbox 1239 461 1408 513; x_wconf 79' lang='lat' dir='ltr'>pastore</span> <span class='ocrx_word' id='word_1_51' title='bbox 1424 460 1571 513; x_wconf 87' lang='lat' dir='ltr'><strong>erepto</strong></span> <span class='ocrx_word' id='word_1_52' title='bbox 1587 450 1662 495; x_wconf 90' lang='lat' dir='ltr'><strong>lu-</strong></span> 
     </span>
     <span class='ocr_line' id='line_1_7' title="bbox 289 519 1664 584; baseline 0 -18"><span class='ocrx_word' id='word_1_53' title='bbox 289 537 453 581; x_wconf 80' lang='lat' dir='ltr'><strong>gemus,</strong></span> <span class='ocrx_word' id='word_1_54' title='bbox 477 520 668 565; x_wconf 87' lang='lat' dir='ltr'><strong>nascitur</strong></span> <span class='ocrx_word' id='word_1_55' title='bbox 688 520 740 566; x_wconf 90' lang='lat' dir='ltr'><strong>de</strong></span> <span class='ocrx_word' id='word_1_56' title='bbox 767 521 937 584; x_wconf 81' lang='lat' dir='ltr'><strong>perdito</strong></span> <span class='ocrx_word' id='word_1_57' title='bbox 966 519 1093 565; x_wconf 88' lang='lat' dir='ltr'><strong>fratre</strong></span> <span class='ocrx_word' id='word_1_58' title='bbox 1117 521 1292 566; x_wconf 83' lang='lat' dir='ltr'><strong>dolendi</strong></span> <span class='ocrx_word' id='word_1_59' title='bbox 1317 521 1500 566; x_wconf 86' lang='lat' dir='ltr'><strong>occasio.</strong></span> <span class='ocrx_word' id='word_1_60' title='bbox 1535 522 1664 567; x_wconf 84' lang='lat' dir='ltr'><strong>Prae-</strong></span> 
     </span>
     <span class='ocr_line' id='line_1_8' title="bbox 289 589 1658 654; baseline 0.001 -20"><span class='ocrx_word' id='word_1_61' title='bbox 289 590 426 635; x_wconf 90' lang='lat' dir='ltr'><strong>cisum</strong></span> <span class='ocrx_word' id='word_1_62' title='bbox 450 599 512 634; x_wconf 87' lang='lat' dir='ltr'><strong>est</strong></span> <span class='ocrx_word' id='word_1_63' title='bbox 536 607 558 634; x_wconf 88' lang='lat' dir='ltr'><strong>a</strong></span> <span class='ocrx_word' id='word_1_64' title='bbox 583 589 708 635; x_wconf 90' lang='lat' dir='ltr'><strong>nobis</strong></span> <span class='ocrx_word' id='word_1_65' title='bbox 735 591 980 635; x_wconf 80' lang='lat' dir='ltr'><strong>membrum</strong></span> <span class='ocrx_word' id='word_1_66' title='bbox 1003 627 1013 643; x_wconf 90' lang='lat'><strong>,</strong></span> <span class='ocrx_word' id='word_1_67' title='bbox 1044 608 1144 653; x_wconf 82' lang='lat' dir='ltr'><strong>pars</strong></span> <span class='ocrx_word' id='word_1_68' title='bbox 1177 591 1310 636; x_wconf 84' lang='lat' dir='ltr'><strong>nostri</strong></span> <span class='ocrx_word' id='word_1_69' title='bbox 1334 590 1448 635; x_wconf 85' lang='lat' dir='ltr'><strong>facta</strong></span> <span class='ocrx_word' id='word_1_70' title='bbox 1474 601 1535 636; x_wconf 85' lang='lat' dir='ltr'><strong>est</strong></span> <span class='ocrx_word' id='word_1_71' title='bbox 1557 608 1658 654; x_wconf 88' lang='lat' dir='ltr'><strong>pars</strong></span> 
     </span>
     <span class='ocr_line' id='line_1_9' title="bbox 288 659 1659 716; baseline 0.001 -12"><span class='ocrx_word' id='word_1_72' title='bbox 288 659 469 715; x_wconf 90' lang='lat' dir='ltr'><strong>Donati,</strong></span> <span class='ocrx_word' id='word_1_73' title='bbox 498 659 665 705; x_wconf 85' lang='lat' dir='ltr'><strong>transiit</strong></span> <span class='ocrx_word' id='word_1_74' title='bbox 691 659 809 705; x_wconf 90' lang='lat' dir='ltr'><strong>miles</strong></span> <span class='ocrx_word' id='word_1_75' title='bbox 839 659 1011 705; x_wconf 86' lang='lat' dir='ltr'><strong>Domini</strong></span> <span class='ocrx_word' id='word_1_76' title='bbox 1039 659 1093 704; x_wconf 89' lang='lat' dir='ltr'><strong>ad</strong></span> <span class='ocrx_word' id='word_1_77' title='bbox 1127 672 1264 706; x_wconf 87' lang='lat' dir='ltr'><strong>castra</strong></span> <span class='ocrx_word' id='word_1_78' title='bbox 1300 660 1659 716; x_wconf 87' lang='lat' dir='ltr'><strong>Philistinorum,</strong></span> 
     </span>
     <span class='ocr_line' id='line_1_10' title="bbox 286 729 1663 792; baseline 0.001 -17"><span class='ocrx_word' id='word_1_79' title='bbox 286 741 328 776; x_wconf 89' lang='lat' dir='ltr'><strong>et</strong></span> <span class='ocrx_word' id='word_1_80' title='bbox 353 729 406 776; x_wconf 89' lang='lat' dir='ltr'><strong>de</strong></span> <span class='ocrx_word' id='word_1_81' title='bbox 429 747 526 776; x_wconf 85' lang='lat' dir='ltr'><strong>vase</strong></span> <span class='ocrx_word' id='word_1_82' title='bbox 555 730 732 776; x_wconf 90' lang='lat' dir='ltr'><strong>honoris</strong></span> <span class='ocrx_word' id='word_1_83' title='bbox 762 731 927 776; x_wconf 86' lang='lat' dir='ltr'><strong>factum</strong></span> <span class='ocrx_word' id='word_1_84' title='bbox 955 742 1015 776; x_wconf 87' lang='lat' dir='ltr'><strong>est</strong></span> <span class='ocrx_word' id='word_1_85' title='bbox 1039 749 1112 777; x_wconf 89' lang='lat' dir='ltr'><strong>vas</strong></span> <span class='ocrx_word' id='word_1_86' title='bbox 1145 732 1382 778; x_wconf 82' lang='lat' dir='ltr'><strong>dedecoris.</strong></span> <span class='ocrx_word' id='word_1_87' title='bbox 1418 731 1663 792; x_wconf 85' lang='lat' dir='ltr'><strong>Intelligitis</strong></span> 
     </span>
     <span class='ocr_line' id='line_1_11' title="bbox 291 799 1663 867; baseline 0.002 -23"><span class='ocrx_word' id='word_1_88' title='bbox 291 799 400 867; x_wconf 87' lang='lat' dir='ltr'><strong>quid</strong></span> <span class='ocrx_word' id='word_1_89' title='bbox 423 800 537 847; x_wconf 86' lang='lat' dir='ltr'><strong>dico.</strong></span> <span class='ocrx_word' id='word_1_90' title='bbox 568 801 697 846; x_wconf 87' lang='lat' dir='ltr'><strong>Miser</strong></span> <span class='ocrx_word' id='word_1_91' title='bbox 715 801 784 846; x_wconf 88' lang='lat' dir='ltr'><strong>ille</strong></span> <span class='ocrx_word' id='word_1_92' title='bbox 799 801 1080 847; x_wconf 80' lang='lat' dir='ltr'><strong>Rusticianus</strong></span> <span class='ocrx_word' id='word_1_93' title='bbox 1101 802 1354 862; x_wconf 87' lang='lat' dir='ltr'><strong>Mutigensis</strong></span> <span class='ocrx_word' id='word_1_94' title='bbox 1377 801 1583 864; x_wconf 86' lang='lat' dir='ltr'><strong>diaconus</strong></span> <span class='ocrx_word' id='word_1_95' title='bbox 1601 819 1663 848; x_wconf 88' lang='lat' dir='ltr'><strong>sa-</strong></span> 
     </span>
     <span class='ocr_line' id='line_1_12' title="bbox 293 871 1664 939; baseline -0.005 -14"><span class='ocrx_word' id='word_1_96' title='bbox 293 889 563 926; x_wconf 86' lang='lat' dir='ltr'><strong>cramentum</strong></span> <span class='ocrx_word' id='word_1_97' title='bbox 582 872 701 939; x_wconf 86' lang='lat' dir='ltr'><strong>quod</strong></span> <span class='ocrx_word' id='word_1_98' title='bbox 722 871 927 917; x_wconf 68' lang='lat' dir='ltr'><strong>Ecclesiae</strong></span> <span class='ocrx_word' id='word_1_99' title='bbox 947 872 1166 930; x_wconf 86' lang='lat' dir='ltr'><strong>debebat,</strong></span> <span class='ocrx_word' id='word_1_100' title='bbox 1195 873 1354 933; x_wconf 87' lang='lat' dir='ltr'><strong>abjecit</strong></span> <span class='ocrx_word' id='word_1_101' title='bbox 1372 909 1382 928; x_wconf 89' lang='lat'><strong>,</strong></span> <span class='ocrx_word' id='word_1_102' title='bbox 1410 882 1450 917; x_wconf 85' lang='lat' dir='ltr'><strong>et</strong></span> <span class='ocrx_word' id='word_1_103' title='bbox 1467 871 1664 922; x_wconf 85' lang='lat' dir='ltr'><strong>ordinem</strong></span> 
     </span>
     <span class='ocr_line' id='line_1_13' title="bbox 291 941 1663 1007; baseline -0.005 -12"><span class='ocrx_word' id='word_1_104' title='bbox 291 966 417 995; x_wconf 89' lang='lat' dir='ltr'><strong>suum</strong></span> <span class='ocrx_word' id='word_1_105' title='bbox 441 946 607 995; x_wconf 90' lang='lat' dir='ltr'><strong>infideli</strong></span> <span class='ocrx_word' id='word_1_106' title='bbox 630 941 964 1007; x_wconf 81' lang='lat' dir='ltr'><strong>participatione</strong></span> <span class='ocrx_word' id='word_1_107' title='bbox 982 942 1154 1004; x_wconf 87' lang='lat' dir='ltr'><strong>polluit.</strong></span> <span class='ocrx_word' id='word_1_108' title='bbox 1187 942 1307 999; x_wconf 86' lang='lat' dir='ltr'><strong>Quid</strong></span> <span class='ocrx_word' id='word_1_109' title='bbox 1334 959 1421 987; x_wconf 87' lang='lat' dir='ltr'><strong>non</strong></span> <span class='ocrx_word' id='word_1_110' title='bbox 1436 941 1536 998; x_wconf 89' lang='lat' dir='ltr'><strong>feci,</strong></span> <span class='ocrx_word' id='word_1_111' title='bbox 1554 959 1663 1005; x_wconf 90' lang='lat' dir='ltr'><strong>quos</strong></span> 
     </span>
     <span class='ocr_line' id='line_1_14' title="bbox 290 1012 1664 1076; baseline -0.007 -10"><span class='ocrx_word' id='word_1_112' title='bbox 290 1037 377 1066; x_wconf 90' lang='lat' dir='ltr'><strong>non</strong></span> <span class='ocrx_word' id='word_1_113' title='bbox 392 1017 579 1065; x_wconf 84' lang='lat' dir='ltr'><strong>adhibui</strong></span> <span class='ocrx_word' id='word_1_114' title='bbox 598 1023 795 1068; x_wconf 80' lang='lat' dir='ltr'><strong>conatUS,</strong></span> <span class='ocrx_word' id='word_1_115' title='bbox 816 1022 864 1057; x_wconf 83' lang='lat' dir='ltr'><strong>ut</strong></span> <span class='ocrx_word' id='word_1_116' title='bbox 884 1012 928 1057; x_wconf 87' lang='lat' dir='ltr'><strong>iu</strong></span> <span class='ocrx_word' id='word_1_117' title='bbox 942 1013 1238 1076; x_wconf 78' lang='lat' dir='ltr'><strong>praecipitium</strong></span> <span class='ocrx_word' id='word_1_118' title='bbox 1260 1022 1453 1057; x_wconf 87' lang='lat' dir='ltr'><strong>ruentem</strong></span> <span class='ocrx_word' id='word_1_119' title='bbox 1474 1012 1518 1056; x_wconf 92' lang='lat' dir='ltr'><strong>in</strong></span> <span class='ocrx_word' id='word_1_120' title='bbox 1532 1012 1664 1075; x_wconf 85' lang='lat' dir='ltr'><strong>plano</strong></span> 
     </span>
     <span class='ocr_line' id='line_1_15' title="bbox 289 1082 1664 1146; baseline -0.007 -10"><span class='ocrx_word' id='word_1_121' title='bbox 289 1090 547 1136; x_wconf 84' lang='lat' dir='ltr'><strong>collocarem</strong></span> <span class='ocrx_word' id='word_1_122' title='bbox 565 1125 576 1144; x_wconf 85' lang='lat'><strong>,</strong></span> <span class='ocrx_word' id='word_1_123' title='bbox 602 1096 644 1131; x_wconf 81' lang='lat' dir='ltr'><strong>et</strong></span> <span class='ocrx_word' id='word_1_124' title='bbox 664 1084 886 1130; x_wconf 85' lang='lat' dir='ltr'><strong>eximerem</strong></span> <span class='ocrx_word' id='word_1_125' title='bbox 905 1083 1100 1146; x_wconf 87' lang='lat' dir='ltr'><strong>periculo</strong></span> <span class='ocrx_word' id='word_1_126' title='bbox 1120 1122 1130 1140; x_wconf 83' lang='lat'><strong>,</strong></span> <span class='ocrx_word' id='word_1_127' title='bbox 1169 1083 1244 1146; x_wconf 85' lang='lat' dir='ltr'><strong>qui</strong></span> <span class='ocrx_word' id='word_1_128' title='bbox 1268 1082 1513 1146; x_wconf 79' lang='lat' dir='ltr'><strong>periculum</strong></span> <span class='ocrx_word' id='word_1_129' title='bbox 1540 1100 1664 1128; x_wconf 88' lang='lat' dir='ltr'><strong>ama-</strong></span> 
     </span>
     <span class='ocr_line' id='line_1_16' title="bbox 289 1153 1667 1223; baseline -0.007 -16"><span class='ocrx_word' id='word_1_130' title='bbox 289 1161 369 1206; x_wconf 85' lang='lat' dir='ltr'><strong>bat</strong></span> <span class='ocrx_word' id='word_1_131' title='bbox 390 1160 435 1205; x_wconf 88' lang='lat' dir='ltr'><strong>in</strong></span> <span class='ocrx_word' id='word_1_132' title='bbox 453 1176 539 1223; x_wconf 89' lang='lat' dir='ltr'><strong>quo</strong></span> <span class='ocrx_word' id='word_1_133' title='bbox 560 1156 722 1221; x_wconf 63' lang='lat' dir='ltr'><strong>periit?</strong></span> <span class='ocrx_word' id='word_1_134' title='bbox 749 1156 790 1199; x_wconf 88' lang='lat' dir='ltr'><strong>Is</strong></span> <span class='ocrx_word' id='word_1_135' title='bbox 814 1153 955 1217; x_wconf 90' lang='lat' dir='ltr'><strong>prima</strong></span> <span class='ocrx_word' id='word_1_136' title='bbox 973 1165 1015 1199; x_wconf 85' lang='lat' dir='ltr'><strong>et</strong></span> <span class='ocrx_word' id='word_1_137' title='bbox 1040 1171 1192 1214; x_wconf 82' lang='lat' dir='ltr'><strong>urgens</strong></span> <span class='ocrx_word' id='word_1_138' title='bbox 1210 1153 1292 1199; x_wconf 78' lang='lat' dir='ltr'><strong>fuit</strong></span> <span class='ocrx_word' id='word_1_139' title='bbox 1312 1170 1414 1198; x_wconf 87' lang='lat' dir='ltr'><strong>cura</strong></span> <span class='ocrx_word' id='word_1_140' title='bbox 1440 1170 1533 1198; x_wconf 89' lang='lat' dir='ltr'><strong>mea</strong></span> <span class='ocrx_word' id='word_1_141' title='bbox 1552 1190 1563 1208; x_wconf 79' lang='lat'><strong>,</strong></span> <span class='ocrx_word' id='word_1_142' title='bbox 1589 1153 1667 1216; x_wconf 89' lang='lat' dir='ltr'><strong>qui</strong></span> 
     </span>
     <span class='ocr_line' id='line_1_17' title="bbox 292 1223 1666 1286; baseline -0.007 -9"><span class='ocrx_word' id='word_1_143' title='bbox 292 1247 411 1277; x_wconf 88' lang='lat' dir='ltr'><strong>nunc</strong></span> <span class='ocrx_word' id='word_1_144' title='bbox 435 1240 496 1275; x_wconf 87' lang='lat' dir='ltr'><strong>est</strong></span> <span class='ocrx_word' id='word_1_145' title='bbox 513 1228 638 1274; x_wconf 87' lang='lat' dir='ltr'><strong>dolor</strong></span> <span class='ocrx_word' id='word_1_146' title='bbox 657 1241 788 1271; x_wconf 88' lang='lat' dir='ltr'><strong>meus.</strong></span> <span class='ocrx_word' id='word_1_147' title='bbox 811 1223 1021 1268; x_wconf 76' lang='lat' dir='ltr'><strong>Nolebam</strong></span> <span class='ocrx_word' id='word_1_148' title='bbox 1042 1225 1151 1269; x_wconf 88' lang='lat' dir='ltr'><strong>mihi</strong></span> <span class='ocrx_word' id='word_1_149' title='bbox 1174 1223 1373 1269; x_wconf 84' lang='lat' dir='ltr'><strong>subtrahi</strong></span> <span class='ocrx_word' id='word_1_150' title='bbox 1392 1223 1437 1268; x_wconf 91' lang='lat' dir='ltr'><strong>in</strong></span> <span class='ocrx_word' id='word_1_151' title='bbox 1456 1223 1552 1286; x_wconf 89' lang='lat' dir='ltr'><strong>ipso</strong></span> <span class='ocrx_word' id='word_1_152' title='bbox 1567 1240 1666 1268; x_wconf 90' lang='lat' dir='ltr'><strong>one-</strong></span> 
     </span>
     <span class='ocr_line' id='line_1_18' title="bbox 293 1291 1666 1357; baseline -0.007 -11"><span class='ocrx_word' id='word_1_153' title='bbox 293 1300 351 1346; x_wconf 90' lang='lat' dir='ltr'><strong>ris</strong></span> <span class='ocrx_word' id='word_1_154' title='bbox 386 1299 471 1345; x_wconf 89' lang='lat' dir='ltr'><strong>mei</strong></span> <span class='ocrx_word' id='word_1_155' title='bbox 498 1296 671 1344; x_wconf 84' lang='lat' dir='ltr'><strong>exordio</strong></span> <span class='ocrx_word' id='word_1_156' title='bbox 690 1332 700 1351; x_wconf 95' lang='lat'><strong>,</strong></span> <span class='ocrx_word' id='word_1_157' title='bbox 740 1311 868 1357; x_wconf 87' lang='lat' dir='ltr'><strong>quem</strong></span> <span class='ocrx_word' id='word_1_158' title='bbox 894 1311 916 1338; x_wconf 92' lang='lat' dir='ltr'><strong>a</strong></span> <span class='ocrx_word' id='word_1_159' title='bbox 950 1293 1049 1339; x_wconf 89' lang='lat' dir='ltr'><strong>satis</strong></span> <span class='ocrx_word' id='word_1_160' title='bbox 1084 1293 1213 1354; x_wconf 87' lang='lat' dir='ltr'><strong>longo</strong></span> <span class='ocrx_word' id='word_1_161' title='bbox 1244 1304 1436 1356; x_wconf 85' lang='lat' dir='ltr'><strong>tempore</strong></span> <span class='ocrx_word' id='word_1_162' title='bbox 1462 1291 1666 1338; x_wconf 84' lang='lat' dir='ltr'><strong>videbam</strong></span> 
     </span>
     <span class='ocr_line' id='line_1_19' title="bbox 294 1362 1667 1434; baseline -0.007 -18"><span class='ocrx_word' id='word_1_163' title='bbox 294 1382 504 1434; x_wconf 84' lang='lat' dir='ltr'><strong>tanquam</strong></span> <span class='ocrx_word' id='word_1_164' title='bbox 543 1367 690 1426; x_wconf 88' lang='lat' dir='ltr'><strong>fulgur</strong></span> <span class='ocrx_word' id='word_1_165' title='bbox 727 1364 780 1409; x_wconf 89' lang='lat' dir='ltr'><strong>de</strong></span> <span class='ocrx_word' id='word_1_166' title='bbox 814 1363 927 1409; x_wconf 84' lang='lat' dir='ltr'><strong>coelo</strong></span> <span class='ocrx_word' id='word_1_167' title='bbox 952 1362 1190 1409; x_wconf 86' lang='lat' dir='ltr'><strong>cadentem.</strong></span> <span class='ocrx_word' id='word_1_168' title='bbox 1224 1364 1279 1408; x_wconf 88' lang='lat' dir='ltr'><strong>Et</strong></span> <span class='ocrx_word' id='word_1_169' title='bbox 1313 1362 1414 1408; x_wconf 90' lang='lat' dir='ltr'><strong>licet</strong></span> <span class='ocrx_word' id='word_1_170' title='bbox 1439 1363 1547 1425; x_wconf 87' lang='lat' dir='ltr'><strong>ipse,</strong></span> <span class='ocrx_word' id='word_1_171' title='bbox 1578 1362 1667 1407; x_wconf 84' lang='lat' dir='ltr'><strong>exi-</strong></span> 
     </span>
     <span class='ocr_line' id='line_1_20' title="bbox 295 1432 1666 1502; baseline -0.007 -16"><span class='ocrx_word' id='word_1_172' title='bbox 295 1440 497 1500; x_wconf 85' lang='lat' dir='ltr'><strong>gentibus</strong></span> <span class='ocrx_word' id='word_1_173' title='bbox 518 1435 707 1502; x_wconf 84' lang='lat' dir='ltr'><strong>peccatis</strong></span> <span class='ocrx_word' id='word_1_174' title='bbox 728 1434 814 1479; x_wconf 90' lang='lat' dir='ltr'><strong>suis</strong></span> <span class='ocrx_word' id='word_1_175' title='bbox 832 1471 842 1489; x_wconf 90' lang='lat'><strong>,</strong></span> <span class='ocrx_word' id='word_1_176' title='bbox 868 1451 890 1478; x_wconf 92' lang='lat' dir='ltr'><strong>a</strong></span> <span class='ocrx_word' id='word_1_177' title='bbox 911 1433 1101 1478; x_wconf 86' lang='lat' dir='ltr'><strong>Domino</strong></span> <span class='ocrx_word' id='word_1_178' title='bbox 1124 1433 1258 1478; x_wconf 88' lang='lat' dir='ltr'><strong>deseri</strong></span> <span class='ocrx_word' id='word_1_179' title='bbox 1282 1432 1510 1485; x_wconf 77' lang='lat' dir='ltr'><strong>meruerit3</strong></span> <span class='ocrx_word' id='word_1_180' title='bbox 1541 1432 1666 1478; x_wconf 88' lang='lat' dir='ltr'><strong>doleo</strong></span> 
     </span>
     <span class='ocr_line' id='line_1_21' title="bbox 294 1504 1664 1573; baseline -0.007 -16"><span class='ocrx_word' id='word_1_181' title='bbox 294 1523 438 1557; x_wconf 87' lang='lat' dir='ltr'><strong>tamen</strong></span> <span class='ocrx_word' id='word_1_182' title='bbox 459 1508 577 1573; x_wconf 89' lang='lat' dir='ltr'><strong>quod</strong></span> <span class='ocrx_word' id='word_1_183' title='bbox 599 1507 652 1553; x_wconf 90' lang='lat' dir='ltr'><strong>de</strong></span> <span class='ocrx_word' id='word_1_184' title='bbox 680 1523 729 1551; x_wconf 92' lang='lat' dir='ltr'><strong>eo</strong></span> <span class='ocrx_word' id='word_1_185' title='bbox 756 1505 808 1550; x_wconf 86' lang='lat' dir='ltr'><strong>ad</strong></span> <span class='ocrx_word' id='word_1_186' title='bbox 836 1504 1073 1549; x_wconf 89' lang='lat' dir='ltr'><strong>Dominum</strong></span> <span class='ocrx_word' id='word_1_187' title='bbox 1107 1521 1249 1550; x_wconf 87' lang='lat' dir='ltr'><strong>meum</strong></span> <span class='ocrx_word' id='word_1_188' title='bbox 1277 1504 1419 1549; x_wconf 87' lang='lat' dir='ltr'><strong>dicere</strong></span> <span class='ocrx_word' id='word_1_189' title='bbox 1445 1520 1532 1549; x_wconf 87' lang='lat' dir='ltr'><strong>non</strong></span> <span class='ocrx_word' id='word_1_190' title='bbox 1560 1520 1664 1567; x_wconf 86' lang='lat' dir='ltr'><strong>pos-</strong></span> 
     </span>
     <span class='ocr_line' id='line_1_22' title="bbox 297 1574 1497 1638; baseline -0.008 -10"><span class='ocrx_word' id='word_1_191' title='bbox 297 1599 411 1636; x_wconf 87' lang='lat' dir='ltr'><strong>sum,</strong></span> <span class='ocrx_word' id='word_1_192' title='bbox 438 1602 458 1622; x_wconf 87' lang='lat'>«</span> <span class='ocrx_word' id='word_1_193' title='bbox 486 1582 598 1626; x_wconf 91' lang='lat' dir='ltr'><strong>Ecce</strong></span> <span class='ocrx_word' id='word_1_194' title='bbox 617 1595 684 1623; x_wconf 89' lang='lat' dir='ltr'><strong>me</strong></span> <span class='ocrx_word' id='word_1_195' title='bbox 699 1593 798 1622; x_wconf 91' lang='lat' dir='ltr'><strong>cum</strong></span> <span class='ocrx_word' id='word_1_196' title='bbox 817 1575 963 1638; x_wconf 83' lang='lat' dir='ltr'><strong>pueris</strong></span> <span class='ocrx_word' id='word_1_197' title='bbox 987 1592 1096 1638; x_wconf 86' lang='lat' dir='ltr'><strong>quos</strong></span> <span class='ocrx_word' id='word_1_198' title='bbox 1120 1574 1273 1620; x_wconf 86' lang='lat' dir='ltr'><strong>dedisti</strong></span> <span class='ocrx_word' id='word_1_199' title='bbox 1291 1574 1444 1620; x_wconf 78' lang='lat' dir='ltr'><strong>mihi2.</strong></span> <span class='ocrx_word' id='word_1_200' title='bbox 1477 1595 1497 1614; x_wconf 77' lang='lat' dir='ltr'><strong>n</strong></span> 
     </span>
    </p>

    <p class='ocr_par' dir='ltr' id='par_1_4' title="bbox 294 1644 1669 2405">
     <span class='ocr_line' id='line_1_23' title="bbox 362 1644 1663 1698; baseline -0.006 -2"><span class='ocrx_word' id='word_1_201' title='bbox 362 1651 436 1698; x_wconf 89' lang='lat' dir='ltr'><strong>IV.</strong></span> <span class='ocrx_word' id='word_1_202' title='bbox 467 1650 602 1696; x_wconf 86' lang='lat' dir='ltr'><strong>Vobis</strong></span> <span class='ocrx_word' id='word_1_203' title='bbox 641 1647 844 1693; x_wconf 88' lang='lat' dir='ltr'><strong>omnibus</strong></span> <span class='ocrx_word' id='word_1_204' title='bbox 878 1656 1029 1691; x_wconf 88' lang='lat' dir='ltr'><strong>notum</strong></span> <span class='ocrx_word' id='word_1_205' title='bbox 1060 1646 1147 1691; x_wconf 90' lang='lat' dir='ltr'><strong>scio</strong></span> <span class='ocrx_word' id='word_1_206' title='bbox 1178 1663 1188 1690; x_wconf 72' lang='grc' dir='ltr'>ε</span> <span class='ocrx_word' id='word_1_207' title='bbox 1229 1656 1271 1691; x_wconf 92' lang='lat' dir='ltr'><strong>et</strong></span> <span class='ocrx_word' id='word_1_208' title='bbox 1304 1656 1387 1690; x_wconf 86' lang='lat' dir='ltr'><strong>tam</strong></span> <span class='ocrx_word' id='word_1_209' title='bbox 1419 1644 1527 1689; x_wconf 87' lang='lat' dir='ltr'><strong>bene</strong></span> <span class='ocrx_word' id='word_1_210' title='bbox 1551 1644 1663 1698; x_wconf 88' lang='lat' dir='ltr'><strong>scio,</strong></span> 
     </span>
     <span class='ocr_line' id='line_1_24' title="bbox 294 1713 1667 1785; baseline -0.007 -18"><span class='ocrx_word' id='word_1_211' title='bbox 294 1722 396 1785; x_wconf 87' lang='lat' dir='ltr'><strong>quia</strong></span> <span class='ocrx_word' id='word_1_212' title='bbox 413 1721 502 1766; x_wconf 88' lang='lat' dir='ltr'><strong>scio</strong></span> <span class='ocrx_word' id='word_1_213' title='bbox 523 1729 764 1766; x_wconf 85' lang='lat' dir='ltr'><strong>vestrorum</strong></span> <span class='ocrx_word' id='word_1_214' title='bbox 788 1716 935 1761; x_wconf 84' lang='lat' dir='ltr'><strong>multis</strong></span> <span class='ocrx_word' id='word_1_215' title='bbox 958 1733 1097 1761; x_wconf 88' lang='lat' dir='ltr'><strong>moras</strong></span> <span class='ocrx_word' id='word_1_216' title='bbox 1118 1733 1225 1779; x_wconf 85' lang='lat' dir='ltr'><strong>quas</strong></span> <span class='ocrx_word' id='word_1_217' title='bbox 1243 1716 1317 1761; x_wconf 90' lang='lat' dir='ltr'><strong>hic</strong></span> <span class='ocrx_word' id='word_1_218' title='bbox 1340 1714 1557 1768; x_wconf 87' lang='lat' dir='ltr'><strong>trahebat,</strong></span> <span class='ocrx_word' id='word_1_219' title='bbox 1574 1713 1667 1760; x_wconf 91' lang='lat' dir='ltr'><strong>dis-</strong></span> 
     </span>
     <span class='ocr_line' id='line_1_25' title="bbox 295 1786 1668 1856; baseline -0.007 -18"><span class='ocrx_word' id='word_1_220' title='bbox 295 1791 512 1856; x_wconf 84' lang='lat' dir='ltr'><strong>plicuisse.</strong></span> <span class='ocrx_word' id='word_1_221' title='bbox 537 1789 715 1846; x_wconf 88' lang='lat' dir='ltr'><strong>Quoties</strong></span> <span class='ocrx_word' id='word_1_222' title='bbox 745 1787 1011 1832; x_wconf 84' lang='lat' dir='ltr'><strong>venerandus</strong></span> <span class='ocrx_word' id='word_1_223' title='bbox 1037 1797 1179 1831; x_wconf 85' lang='lat' dir='ltr'><strong>noster</strong></span> <span class='ocrx_word' id='word_1_224' title='bbox 1219 1786 1430 1841; x_wconf 66' lang='lat' dir='ltr'><strong>Valerius,</strong></span> <span class='ocrx_word' id='word_1_225' title='bbox 1463 1802 1529 1829; x_wconf 89' lang='lat' dir='ltr'><strong>me</strong></span> <span class='ocrx_word' id='word_1_226' title='bbox 1547 1801 1668 1847; x_wconf 84' lang='lat' dir='ltr'><strong>prae-</strong></span> 
     </span>
     <span class='ocr_line' id='line_1_26' title="bbox 298 1854 1668 1920; baseline -0.007 -11"><span class='ocrx_word' id='word_1_227' title='bbox 298 1873 437 1917; x_wconf 90' lang='lat' dir='ltr'><strong>sente,</strong></span> <span class='ocrx_word' id='word_1_228' title='bbox 463 1878 560 1907; x_wconf 90' lang='lat' dir='ltr'><strong>cum</strong></span> <span class='ocrx_word' id='word_1_229' title='bbox 595 1858 834 1905; x_wconf 78' lang='lat' dir='ltr'><strong>visceribus</strong></span> <span class='ocrx_word' id='word_1_230' title='bbox 858 1856 1047 1920; x_wconf 83' lang='lat' dir='ltr'><strong>paternis</strong></span> <span class='ocrx_word' id='word_1_231' title='bbox 1075 1856 1180 1901; x_wconf 81' lang='lat' dir='ltr'><strong>dixit</strong></span> <span class='ocrx_word' id='word_1_232' title='bbox 1207 1856 1261 1901; x_wconf 90' lang='lat' dir='ltr'><strong>ad</strong></span> <span class='ocrx_word' id='word_1_233' title='bbox 1297 1872 1391 1900; x_wconf 83' lang='lat' dir='ltr'><strong>eum</strong></span> <span class='ocrx_word' id='word_1_234' title='bbox 1411 1892 1421 1909; x_wconf 89' lang='lat'><strong>,</strong></span> <span class='ocrx_word' id='word_1_235' title='bbox 1450 1854 1569 1910; x_wconf 84' lang='lat' dir='ltr'><strong>Quid</strong></span> <span class='ocrx_word' id='word_1_236' title='bbox 1592 1854 1668 1899; x_wconf 85' lang='lat' dir='ltr'><strong>hic</strong></span> 
     </span>
     <span class='ocr_line' id='line_1_27' title="bbox 297 1924 1666 1993; baseline -0.008 -14"><span class='ocrx_word' id='word_1_237' title='bbox 297 1933 413 1993; x_wconf 70' lang='lat' dir='ltr'><strong>agis?</strong></span> <span class='ocrx_word' id='word_1_238' title='bbox 437 1932 529 1976; x_wconf 89' lang='lat' dir='ltr'><strong>Cur</strong></span> <span class='ocrx_word' id='word_1_239' title='bbox 559 1929 783 1975; x_wconf 86' lang='lat' dir='ltr'><strong>stationem</strong></span> <span class='ocrx_word' id='word_1_240' title='bbox 818 1938 936 1972; x_wconf 87' lang='lat' dir='ltr'><strong>tuam</strong></span> <span class='ocrx_word' id='word_1_241' title='bbox 974 1926 1161 1971; x_wconf 60' lang='lat' dir='ltr'><strong>deseris?</strong></span> <span class='ocrx_word' id='word_1_242' title='bbox 1189 1925 1279 1970; x_wconf 81' lang='lat' dir='ltr'><strong>Cur</strong></span> <span class='ocrx_word' id='word_1_243' title='bbox 1308 1924 1566 1987; x_wconf 63' lang='lat' dir='ltr'><strong>Presbytero</strong></span> <span class='ocrx_word' id='word_1_244' title='bbox 1594 1934 1666 1969; x_wconf 90' lang='lat' dir='ltr'><strong>tuo</strong></span> 
     </span>
     <span class='ocr_line' id='line_1_28' title="bbox 296 1993 1669 2061; baseline -0.007 -13"><span class='ocrx_word' id='word_1_245' title='bbox 296 2020 383 2048; x_wconf 90' lang='lat' dir='ltr'><strong>non</strong></span> <span class='ocrx_word' id='word_1_246' title='bbox 407 2001 675 2047; x_wconf 69' lang='lat' dir='ltr'><strong>collaborasP</strong></span> <span class='ocrx_word' id='word_1_247' title='bbox 714 2001 803 2043; x_wconf 90' lang='lat' dir='ltr'><strong>Cur</strong></span> <span class='ocrx_word' id='word_1_248' title='bbox 827 1997 1076 2061; x_wconf 85' lang='lat' dir='ltr'><strong>Hipponem</strong></span> <span class='ocrx_word' id='word_1_249' title='bbox 1111 1995 1346 2054; x_wconf 78' lang='lat' dir='ltr'><strong>Mutigenae</strong></span> <span class='ocrx_word' id='word_1_250' title='bbox 1370 1994 1572 2057; x_wconf 52' lang='lat' dir='ltr'><strong>prasers,</strong></span> <span class='ocrx_word' id='word_1_251' title='bbox 1596 1993 1669 2039; x_wconf 88' lang='lat' dir='ltr'><strong>cui</strong></span> 
     </span>
     <span class='ocr_line' id='line_1_29' title="bbox 297 2062 1667 2132; baseline -0.008 -14"><span class='ocrx_word' id='word_1_252' title='bbox 297 2073 493 2132; x_wconf 84' lang='lat' dir='ltr'><strong>alligatus</strong></span> <span class='ocrx_word' id='word_1_253' title='bbox 514 2073 590 2116; x_wconf 65' lang='lat' dir='ltr'><strong>es?</strong></span> <span class='ocrx_word' id='word_1_254' title='bbox 617 2070 788 2114; x_wconf 85' lang='lat' dir='ltr'><strong>Etcum</strong></span> <span class='ocrx_word' id='word_1_255' title='bbox 818 2066 1112 2130; x_wconf 71' lang='lat' dir='ltr'><strong>responderet,</strong></span> <span class='ocrx_word' id='word_1_256' title='bbox 1141 2083 1181 2109; x_wconf 89' lang='lat' dir='ltr'><strong>se</strong></span> <span class='ocrx_word' id='word_1_257' title='bbox 1207 2064 1259 2110; x_wconf 90' lang='lat' dir='ltr'><strong>ad</strong></span> <span class='ocrx_word' id='word_1_258' title='bbox 1284 2062 1557 2109; x_wconf 83' lang='lat' dir='ltr'><strong>solitudinem</strong></span> <span class='ocrx_word' id='word_1_259' title='bbox 1580 2063 1667 2108; x_wconf 91' lang='lat' dir='ltr'><strong>mi-</strong></span> 
     </span>
     <span class='ocr_line' id='line_1_30' title="bbox 297 2133 1667 2193; baseline -0.007 -5"><span class='ocrx_word' id='word_1_260' title='bbox 297 2143 413 2188; x_wconf 89' lang='lat' dir='ltr'><strong>nime</strong></span> <span class='ocrx_word' id='word_1_261' title='bbox 447 2141 655 2186; x_wconf 86' lang='lat' dir='ltr'><strong>idoneum</strong></span> <span class='ocrx_word' id='word_1_262' title='bbox 675 2177 685 2193; x_wconf 82' lang='lat'><strong>,</strong></span> <span class='ocrx_word' id='word_1_263' title='bbox 729 2137 983 2183; x_wconf 77' lang='lat' dir='ltr'><strong>clericatum</strong></span> <span class='ocrx_word' id='word_1_264' title='bbox 1010 2153 1094 2181; x_wconf 88' lang='lat' dir='ltr'><strong>non</strong></span> <span class='ocrx_word' id='word_1_265' title='bbox 1121 2135 1428 2180; x_wconf 87' lang='lat' dir='ltr'><strong>monachatum</strong></span> <span class='ocrx_word' id='word_1_266' title='bbox 1456 2133 1596 2179; x_wconf 87' lang='lat' dir='ltr'><strong>iniisse</strong></span> <span class='ocrx_word' id='word_1_267' title='bbox 1626 2150 1667 2178; x_wconf 88' lang='lat' dir='ltr'><strong>se</strong></span> 
     </span>
     <span class='ocr_line' id='line_1_31' title="bbox 298 2206 1668 2269; baseline -0.008 -11"><span class='ocrx_word' id='word_1_268' title='bbox 298 2211 440 2258; x_wconf 87' lang='lat' dir='ltr'><strong>nullos</strong></span> <span class='ocrx_word' id='word_1_269' title='bbox 465 2210 702 2269; x_wconf 81' lang='lat' dir='ltr'><strong>Mutigenae</strong></span> <span class='ocrx_word' id='word_1_270' title='bbox 722 2209 885 2253; x_wconf 88' lang='lat' dir='ltr'><strong>habere</strong></span> <span class='ocrx_word' id='word_1_271' title='bbox 905 2224 956 2251; x_wconf 92' lang='lat' dir='ltr'><strong>cu</strong></span> <span class='ocrx_word' id='word_1_272' title='bbox 966 2224 1003 2251; x_wconf 93' lang='lat' dir='ltr'><strong>m</strong></span> <span class='ocrx_word' id='word_1_273' title='bbox 1024 2206 1185 2269; x_wconf 85' lang='lat' dir='ltr'><strong>quibus</strong></span> <span class='ocrx_word' id='word_1_274' title='bbox 1207 2215 1470 2257; x_wconf 71' lang='lat' dir='ltr'><strong>versaretur3</strong></span> <span class='ocrx_word' id='word_1_275' title='bbox 1495 2220 1668 2266; x_wconf 84' lang='lat' dir='ltr'><strong>respon-</strong></span> 
     </span>
     <span class='ocr_line' id='line_1_32' title="bbox 296 2273 1668 2335; baseline -0.009 -7"><span class='ocrx_word' id='word_1_276' title='bbox 296 2283 428 2328; x_wconf 86' lang='lat' dir='ltr'><strong>debat</strong></span> <span class='ocrx_word' id='word_1_277' title='bbox 448 2291 620 2326; x_wconf 83' lang='lat' dir='ltr'><strong>sanetus</strong></span> <span class='ocrx_word' id='word_1_278' title='bbox 646 2296 766 2324; x_wconf 77' lang='lat' dir='ltr'><strong>senex</strong></span> <span class='ocrx_word' id='word_1_279' title='bbox 790 2315 799 2333; x_wconf 83' lang='lat'><strong>,</strong></span> <span class='ocrx_word' id='word_1_280' title='bbox 827 2299 845 2317; x_wconf 85' lang='lat'>«</span> <span class='ocrx_word' id='word_1_281' title='bbox 870 2277 1077 2335; x_wconf 81' lang='lat' dir='ltr'><strong>Alligatus</strong></span> <span class='ocrx_word' id='word_1_282' title='bbox 1113 2293 1153 2319; x_wconf 89' lang='lat' dir='ltr'><strong>es</strong></span> <span class='ocrx_word' id='word_1_283' title='bbox 1187 2274 1328 2321; x_wconf 83' lang='lat' dir='ltr'><strong>uxori.</strong></span> <span class='ocrx_word' id='word_1_284' title='bbox 1359 2273 1445 2318; x_wconf 88' lang='lat' dir='ltr'><strong>noli</strong></span> <span class='ocrx_word' id='word_1_285' title='bbox 1476 2289 1668 2335; x_wconf 75' lang='lat' dir='ltr'><strong>quaerere</strong></span> 
     </span>
     <span class='ocr_line' id='line_1_33' title="bbox 298 2346 1665 2405; baseline -0.005 -11"><span class='ocrx_word' id='word_1_286' title='bbox 298 2352 585 2398; x_wconf 85' lang='lat' dir='ltr'><strong>»solutionem</strong></span> <span class='ocrx_word' id='word_1_287' title='bbox 602 2351 665 2396; x_wconf 76' lang='lat'><strong>3.»</strong></span> <span class='ocrx_word' id='word_1_288' title='bbox 692 2351 784 2394; x_wconf 83' lang='lat' dir='ltr'><strong>Tua</strong></span> <span class='ocrx_word' id='word_1_289' title='bbox 810 2347 1074 2393; x_wconf 88' lang='lat' dir='ltr'><strong>estEcclesia</strong></span> <span class='ocrx_word' id='word_1_290' title='bbox 1094 2346 1360 2405; x_wconf 82' lang='lat' dir='ltr'><strong>Mutigensis,</strong></span> <span class='ocrx_word' id='word_1_291' title='bbox 1385 2361 1470 2388; x_wconf 88' lang='lat' dir='ltr'><strong>non</strong></span> <span class='ocrx_word' id='word_1_292' title='bbox 1496 2353 1665 2398; x_wconf 86' lang='lat' dir='ltr'><strong>nostra;</strong></span> 
     </span>
    </p>
   </div>
   <div class='ocr_carea' id='block_1_3' title="bbox 344 2423 1665 2473">
    <p class='ocr_par' dir='ltr' id='par_1_5' title="bbox 344 2423 1665 2473">
     <span class='ocr_line' id='line_1_34' title="bbox 344 2423 1665 2473; baseline -0.008 -8"><span class='ocrx_word' id='word_1_293' title='bbox 344 2434 354 2456; x_wconf 85' lang='lat'><strong>¹</strong></span> <span class='ocrx_word' id='word_1_294' title='bbox 377 2433 491 2468; x_wconf 67' lang='lat' dir='ltr'><strong>Manli.</strong></span> <span class='ocrx_word' id='word_1_295' title='bbox 514 2444 583 2465; x_wconf 69' lang='lat' dir='ltr'><strong>xm.</strong></span> <span class='ocrx_word' id='word_1_296' title='bbox 610 2444 619 2462; x_wconf 87' lang='lat'>1</span> <span class='ocrx_word' id='word_1_297' title='bbox 635 2444 662 2472; x_wconf 76' lang='lat' dir='ltr'><strong>r,</strong></span> <span class='ocrx_word' id='word_1_298' title='bbox 683 2438 712 2462; x_wconf 80' lang='grc' dir='ltr'><strong>υι</strong></span> <span class='ocrx_word' id='word_1_299' title='bbox 728 2434 830 2473; x_wconf 77' lang='lat' dir='ltr'><strong>Apoe.</strong></span> <span class='ocrx_word' id='word_1_300' title='bbox 848 2442 906 2467; x_wconf 77' lang='lat' dir='ltr'><strong>vir,</strong></span> <span class='ocrx_word' id='word_1_301' title='bbox 927 2430 975 2460; x_wconf 81' lang='lat'><strong>16.</strong></span> <span class='ocrx_word' id='word_1_302' title='bbox 993 2447 1036 2451; x_wconf 93' lang='lat'><strong>--</strong></span> <span class='ocrx_word' id='word_1_303' title='bbox 1052 2427 1155 2459; x_wconf 61' lang='lat'><strong>2153&#39;11</strong></span> <span class='ocrx_word' id='word_1_304' title='bbox 1177 2439 1243 2465; x_wconf 75' lang='lat' dir='ltr'><strong>vrri,</strong></span> <span class='ocrx_word' id='word_1_305' title='bbox 1267 2429 1365 2459; x_wconf 83' lang='lat'>18,-—</span> <span class='ocrx_word' id='word_1_306' title='bbox 1380 2423 1394 2447; x_wconf 74' lang='lat'>3</span> <span class='ocrx_word' id='word_1_307' title='bbox 1412 2438 1423 2456; x_wconf 90' lang='lat'>1</span> <span class='ocrx_word' id='word_1_308' title='bbox 1443 2428 1516 2457; x_wconf 89' lang='lat' dir='ltr'><strong>Cor.</strong></span> <span class='ocrx_word' id='word_1_309' title='bbox 1532 2437 1592 2469; x_wconf 70' lang='lat' dir='ltr'><strong>vir,</strong></span> <span class='ocrx_word' id='word_1_310' title='bbox 1608 2437 1665 2465; x_wconf 90' lang='lat'><strong>27.</strong></span> 
     </span>
    </p>
   </div>
  </div>
 </body>
</html>
