<?xml version="1.0" encoding="UTF-8"?>
<!DOCTYPE html PUBLIC "-//W3C//DTD XHTML 1.0 Transitional//EN"
    "http://www.w3.org/TR/xhtml1/DTD/xhtml1-transitional.dtd">
<html xmlns="http://www.w3.org/1999/xhtml" xml:lang="en" lang="en">
 <head>
  <title>
</title>
<meta http-equiv="Content-Type" content="text/html;charset=utf-8" />
  <meta name='ocr-system' content='tesseract 3.04.00' />
  <meta name='ocr-capabilities' content='ocr_page ocr_carea ocr_par ocr_line ocrx_word'/>
</head>
<body>
  <div class='ocr_page' id='page_1' title='image "./operaomniaaccura33auguuoft_0108.png"; bbox 0 0 1763 2838; ppageno 0'>
   <div class='ocr_carea' id='block_1_1' title="bbox 279 175 1258 235">
    <p class='ocr_par' dir='ltr' id='par_1_1' title="bbox 279 175 1258 235">
     <span class='ocr_line' id='line_1_1' title="bbox 279 175 1258 235; baseline 0.003 -21"><span class='ocrx_word' id='word_1_1' title='bbox 279 175 340 235; x_wconf 82' lang='lat'>98</span> <span class='ocrx_word' id='word_1_2' title='bbox 700 187 734 215; x_wconf 86' lang='lat' dir='ltr'>s.</span> <span class='ocrx_word' id='word_1_3' title='bbox 778 185 1022 216; x_wconf 67' lang='lat' dir='ltr'>Ancusriwi</span> <span class='ocrx_word' id='word_1_4' title='bbox 1057 186 1258 217; x_wconf 70' lang='lat' dir='ltr'>rriseorl</span> 
     </span>
    </p>
   </div>
   <div class='ocr_carea' id='block_1_2' title="bbox 255 251 1650 2562">
    <p class='ocr_par' dir='ltr' id='par_1_2' title="bbox 261 251 1650 1509">
     <span class='ocr_line' id='line_1_2' title="bbox 278 251 1650 316; baseline 0 -17"><span class='ocrx_word' id='word_1_5' title='bbox 278 264 365 309; x_wconf 81' lang='lat' dir='ltr'>cat,</span> <span class='ocrx_word' id='word_1_6' title='bbox 388 269 520 316; x_wconf 88' lang='lat' dir='ltr'>quare</span> <span class='ocrx_word' id='word_1_7' title='bbox 538 251 796 314; x_wconf 67' lang='lat' dir='ltr'>separamini</span> <span class='ocrx_word' id='word_1_8' title='bbox 817 270 839 296; x_wconf 86' lang='lat' dir='ltr'>a</span> <span class='ocrx_word' id='word_1_9' title='bbox 859 251 1014 296; x_wconf 67' lang='lat' dir='ltr'>nohis?</span> <span class='ocrx_word' id='word_1_10' title='bbox 1040 251 1197 296; x_wconf 84' lang='lat' dir='ltr'>Dicant</span> <span class='ocrx_word' id='word_1_11' title='bbox 1219 252 1348 312; x_wconf 76' lang='lat' dir='ltr'>etiam</span> <span class='ocrx_word' id='word_1_12' title='bbox 1373 252 1577 299; x_wconf 82' lang='lat' dir='ltr'>Eeclesiae</span> <span class='ocrx_word' id='word_1_13' title='bbox 1597 253 1650 299; x_wconf 87' lang='lat' dir='ltr'>ad</span> 
     </span>
     <span class='ocr_line' id='line_1_3' title="bbox 274 320 1650 388; baseline -0.001 -20"><span class='ocrx_word' id='word_1_14' title='bbox 274 339 381 388; x_wconf 85' lang='lat' dir='ltr'>quas</span> <span class='ocrx_word' id='word_1_15' title='bbox 406 322 567 367; x_wconf 80' lang='lat' dir='ltr'>Paulus</span> <span class='ocrx_word' id='word_1_16' title='bbox 591 321 809 384; x_wconf 80' lang='lat' dir='ltr'>apostolus</span> <span class='ocrx_word' id='word_1_17' title='bbox 841 320 1018 373; x_wconf 79' lang='lat' dir='ltr'>scribit3</span> <span class='ocrx_word' id='word_1_18' title='bbox 1046 322 1346 366; x_wconf 72' lang='lat' dir='ltr'>Romanorum</span> <span class='ocrx_word' id='word_1_19' title='bbox 1364 358 1373 369; x_wconf 82' lang='lat'>.</span> <span class='ocrx_word' id='word_1_20' title='bbox 1398 322 1650 367; x_wconf 63' lang='lat' dir='ltr'>Corinthio-</span> 
     </span>
     <span class='ocr_line' id='line_1_4' title="bbox 275 390 1649 454; baseline -0.001 -16"><span class='ocrx_word' id='word_1_21' title='bbox 275 410 395 448; x_wconf 77' lang='lat' dir='ltr'>rum,</span> <span class='ocrx_word' id='word_1_22' title='bbox 422 391 792 454; x_wconf 72' lang='lat' dir='ltr'>Philippensium,</span> <span class='ocrx_word' id='word_1_23' title='bbox 821 390 1153 445; x_wconf 68' lang='lat' dir='ltr'>(lotossensium,</span> <span class='ocrx_word' id='word_1_24' title='bbox 1181 391 1649 446; x_wconf 60' lang='lat' dir='ltr'>&#39;thessalonicensium3</span> 
     </span>
     <span class='ocr_line' id='line_1_5' title="bbox 272 460 1645 524; baseline -0.001 -16"><span class='ocrx_word' id='word_1_25' title='bbox 272 480 372 508; x_wconf 85' lang='lat' dir='ltr'>nam</span> <span class='ocrx_word' id='word_1_26' title='bbox 392 463 443 508; x_wconf 87' lang='lat' dir='ltr'>de</span> <span class='ocrx_word' id='word_1_27' title='bbox 462 462 631 506; x_wconf 67' lang='lat' dir='ltr'>Galatia</span> <span class='ocrx_word' id='word_1_28' title='bbox 652 471 692 506; x_wconf 91' lang='lat' dir='ltr'>et</span> <span class='ocrx_word' id='word_1_29' title='bbox 714 462 886 524; x_wconf 77' lang='lat' dir='ltr'>Epheso</span> <span class='ocrx_word' id='word_1_30' title='bbox 909 478 1038 523; x_wconf 79' lang='lat' dir='ltr'>supra</span> <span class='ocrx_word' id='word_1_31' title='bbox 1056 464 1144 519; x_wconf 83' lang='lat' dir='ltr'>jam</span> <span class='ocrx_word' id='word_1_32' title='bbox 1173 460 1340 506; x_wconf 86' lang='lat' dir='ltr'>dictum</span> <span class='ocrx_word' id='word_1_33' title='bbox 1368 471 1428 506; x_wconf 86' lang='lat' dir='ltr'>est</span> <span class='ocrx_word' id='word_1_34' title='bbox 1451 479 1461 505; x_wconf 74' lang='grc' dir='ltr'>ε</span> <span class='ocrx_word' id='word_1_35' title='bbox 1495 461 1645 507; x_wconf 84' lang='lat' dir='ltr'>dicant</span> 
     </span>
     <span class='ocr_line' id='line_1_6' title="bbox 271 529 1650 593; baseline -0.001 -16"><span class='ocrx_word' id='word_1_36' title='bbox 271 549 371 592; x_wconf 78' lang='lat' dir='ltr'>ergo</span> <span class='ocrx_word' id='word_1_37' title='bbox 389 542 429 577; x_wconf 86' lang='lat' dir='ltr'>et</span> <span class='ocrx_word' id='word_1_38' title='bbox 453 532 546 576; x_wconf 72' lang='lat' dir='ltr'>istae</span> <span class='ocrx_word' id='word_1_39' title='bbox 565 568 574 586; x_wconf 75' lang='lat'>,</span> <span class='ocrx_word' id='word_1_40' title='bbox 592 531 775 576; x_wconf 73' lang='lat' dir='ltr'>Litteras</span> <span class='ocrx_word' id='word_1_41' title='bbox 796 531 848 576; x_wconf 89' lang='lat' dir='ltr'>ad</span> <span class='ocrx_word' id='word_1_42' title='bbox 867 548 944 576; x_wconf 90' lang='lat' dir='ltr'>nos</span> <span class='ocrx_word' id='word_1_43' title='bbox 969 530 1108 585; x_wconf 78' lang='lat' dir='ltr'>datas,</span> <span class='ocrx_word' id='word_1_44' title='bbox 1131 529 1299 585; x_wconf 73' lang='lat' dir='ltr'>fratres,</span> <span class='ocrx_word' id='word_1_45' title='bbox 1328 530 1521 593; x_wconf 82' lang='lat' dir='ltr'>quotidie</span> <span class='ocrx_word' id='word_1_46' title='bbox 1540 530 1650 590; x_wconf 84' lang='lat' dir='ltr'>legi-</span> 
     </span>
     <span class='ocr_line' id='line_1_7' title="bbox 273 600 1648 666; baseline 0 -20"><span class='ocrx_word' id='word_1_47' title='bbox 273 602 326 647; x_wconf 88' lang='lat' dir='ltr'>tis</span> <span class='ocrx_word' id='word_1_48' title='bbox 343 640 353 658; x_wconf 82' lang='lat'><strong><em>,</em></strong></span> <span class='ocrx_word' id='word_1_49' title='bbox 383 603 459 666; x_wconf 83' lang='lat' dir='ltr'>qui</span> <span class='ocrx_word' id='word_1_50' title='bbox 483 601 614 648; x_wconf 69' lang='lat' dir='ltr'>vultis</span> <span class='ocrx_word' id='word_1_51' title='bbox 643 602 789 647; x_wconf 70' lang='lat' dir='ltr'>adhue</span> <span class='ocrx_word' id='word_1_52' title='bbox 803 618 889 646; x_wconf 82' lang='grc'>0550</span> <span class='ocrx_word' id='word_1_53' title='bbox 909 600 962 645; x_wconf 88' lang='lat' dir='ltr'>de</span> <span class='ocrx_word' id='word_1_54' title='bbox 984 611 1106 663; x_wconf 74' lang='lat' dir='ltr'>parte</span> <span class='ocrx_word' id='word_1_55' title='bbox 1131 601 1304 647; x_wconf 80' lang='lat' dir='ltr'>Donati.</span> <span class='ocrx_word' id='word_1_56' title='bbox 1325 602 1375 645; x_wconf 92' lang='grc'>111</span> <span class='ocrx_word' id='word_1_57' title='bbox 1396 601 1499 664; x_wconf 86' lang='lat' dir='ltr'>ipsis</span> <span class='ocrx_word' id='word_1_58' title='bbox 1516 601 1648 664; x_wconf 83' lang='lat' dir='ltr'>Epis-</span> 
     </span>
     <span class='ocr_line' id='line_1_8' title="bbox 268 671 1642 735; baseline -0.001 -18"><span class='ocrx_word' id='word_1_59' title='bbox 268 672 365 717; x_wconf 87' lang='lat' dir='ltr'>tolis</span> <span class='ocrx_word' id='word_1_60' title='bbox 386 689 464 735; x_wconf 84' lang='lat' dir='ltr'>per</span> <span class='ocrx_word' id='word_1_61' title='bbox 505 689 661 717; x_wconf 82' lang='lat' dir='ltr'>nomen</span> <span class='ocrx_word' id='word_1_62' title='bbox 687 672 807 735; x_wconf 82' lang='lat' dir='ltr'>pacis</span> <span class='ocrx_word' id='word_1_63' title='bbox 834 689 911 716; x_wconf 83' lang='lat' dir='ltr'>nos</span> <span class='ocrx_word' id='word_1_64' title='bbox 945 671 1178 733; x_wconf 73' lang='lat' dir='ltr'>Apostolus</span> <span class='ocrx_word' id='word_1_65' title='bbox 1212 671 1444 726; x_wconf 77' lang='lat' dir='ltr'>salutavit,</span> <span class='ocrx_word' id='word_1_66' title='bbox 1475 671 1642 717; x_wconf 86' lang='lat' dir='ltr'>dicens:</span> 
     </span>
     <span class='ocr_line' id='line_1_9' title="bbox 270 741 1646 805; baseline -0.004 -17"><span class='ocrx_word' id='word_1_67' title='bbox 270 763 290 783; x_wconf 73' lang='grc' dir='ltr'>ε(</span> <span class='ocrx_word' id='word_1_68' title='bbox 302 744 452 789; x_wconf 79' lang='lat' dir='ltr'>Gratia</span> <span class='ocrx_word' id='word_1_69' title='bbox 467 743 590 789; x_wconf 76' lang='lat' dir='ltr'>vobis</span> <span class='ocrx_word' id='word_1_70' title='bbox 607 753 648 787; x_wconf 91' lang='lat' dir='ltr'>et</span> <span class='ocrx_word' id='word_1_71' title='bbox 667 759 750 805; x_wconf 74' lang='lat' dir='ltr'>pax</span> <span class='ocrx_word' id='word_1_72' title='bbox 763 760 782 786; x_wconf 88' lang='lat' dir='ltr'>a</span> <span class='ocrx_word' id='word_1_73' title='bbox 804 742 893 786; x_wconf 85' lang='lat' dir='ltr'>Deo</span> <span class='ocrx_word' id='word_1_74' title='bbox 906 742 1032 786; x_wconf 84' lang='lat' dir='ltr'>Patre</span> <span class='ocrx_word' id='word_1_75' title='bbox 1045 752 1084 785; x_wconf 90' lang='lat' dir='ltr'>et</span> <span class='ocrx_word' id='word_1_76' title='bbox 1108 741 1293 785; x_wconf 89' lang='lat' dir='ltr'>Domino</span> <span class='ocrx_word' id='word_1_77' title='bbox 1310 741 1409 786; x_wconf 82' lang='lat' dir='ltr'>Jesu</span> <span class='ocrx_word' id='word_1_78' title='bbox 1426 741 1646 788; x_wconf 81' lang='lat' dir='ltr'>Christo.»</span> 
     </span>
     <span class='ocr_line' id='line_1_10' title="bbox 268 810 1648 875; baseline 0 -18"><span class='ocrx_word' id='word_1_79' title='bbox 268 813 413 869; x_wconf 84' lang='lat' dir='ltr'>Quare</span> <span class='ocrx_word' id='word_1_80' title='bbox 436 829 587 875; x_wconf 83' lang='lat' dir='ltr'>pacem</span> <span class='ocrx_word' id='word_1_81' title='bbox 613 812 658 856; x_wconf 87' lang='lat' dir='ltr'>in</span> <span class='ocrx_word' id='word_1_82' title='bbox 683 811 839 857; x_wconf 84' lang='lat' dir='ltr'>nostris</span> <span class='ocrx_word' id='word_1_83' title='bbox 874 810 1077 873; x_wconf 78' lang='lat' dir='ltr'>Epistolis</span> <span class='ocrx_word' id='word_1_84' title='bbox 1112 810 1293 870; x_wconf 83' lang='lat' dir='ltr'>legendo</span> <span class='ocrx_word' id='word_1_85' title='bbox 1323 810 1534 856; x_wconf 80' lang='lat' dir='ltr'>didicistis</span> <span class='ocrx_word' id='word_1_86' title='bbox 1557 847 1568 868; x_wconf 84' lang='grc'>,</span> <span class='ocrx_word' id='word_1_87' title='bbox 1605 821 1648 857; x_wconf 87' lang='lat' dir='ltr'>et</span> 
     </span>
     <span class='ocr_line' id='line_1_11' title="bbox 267 880 1647 944; baseline -0.001 -17"><span class='ocrx_word' id='word_1_88' title='bbox 267 898 361 927; x_wconf 85' lang='lat' dir='ltr'>eam</span> <span class='ocrx_word' id='word_1_89' title='bbox 382 883 613 927; x_wconf 82' lang='lat' dir='ltr'>nobiscum</span> <span class='ocrx_word' id='word_1_90' title='bbox 637 892 779 926; x_wconf 84' lang='lat' dir='ltr'>tenere</span> <span class='ocrx_word' id='word_1_91' title='bbox 805 880 1028 927; x_wconf 66' lang='lat' dir='ltr'>noluistis?</span> <span class='ocrx_word' id='word_1_92' title='bbox 1054 882 1103 925; x_wconf 90' lang='lat' dir='ltr'>In</span> <span class='ocrx_word' id='word_1_93' title='bbox 1128 891 1214 926; x_wconf 88' lang='lat' dir='ltr'>tam</span> <span class='ocrx_word' id='word_1_94' title='bbox 1236 880 1487 944; x_wconf 81' lang='lat' dir='ltr'>longinquis</span> <span class='ocrx_word' id='word_1_95' title='bbox 1525 881 1647 927; x_wconf 87' lang='lat' dir='ltr'>terris</span> 
     </span>
     <span class='ocr_line' id='line_1_12' title="bbox 264 951 1640 1015; baseline -0.001 -16"><span class='ocrx_word' id='word_1_96' title='bbox 264 963 381 999; x_wconf 88' lang='lat' dir='ltr'>trans</span> <span class='ocrx_word' id='word_1_97' title='bbox 414 970 530 998; x_wconf 85' lang='lat' dir='ltr'>mare</span> <span class='ocrx_word' id='word_1_98' title='bbox 574 953 724 1015; x_wconf 84' lang='lat' dir='ltr'>positis</span> <span class='ocrx_word' id='word_1_99' title='bbox 757 952 910 997; x_wconf 79' lang='lat' dir='ltr'>Afrum</span> <span class='ocrx_word' id='word_1_100' title='bbox 944 951 1070 997; x_wconf 77' lang='lat' dir='ltr'>nohis</span> <span class='ocrx_word' id='word_1_101' title='bbox 1094 952 1283 1011; x_wconf 72' lang='lat' dir='ltr'>objicitis</span> <span class='ocrx_word' id='word_1_102' title='bbox 1321 952 1640 998; x_wconf 75' lang='lat' dir='ltr'>Caecilianum:</span> 
     </span>
     <span class='ocr_line' id='line_1_13' title="bbox 264 1021 1646 1085; baseline -0.001 -16"><span class='ocrx_word' id='word_1_103' title='bbox 264 1034 378 1069; x_wconf 86' lang='lat' dir='ltr'>certe</span> <span class='ocrx_word' id='word_1_104' title='bbox 399 1040 550 1070; x_wconf 82' lang='lat' dir='ltr'>verum</span> <span class='ocrx_word' id='word_1_105' title='bbox 571 1034 632 1068; x_wconf 82' lang='lat' dir='ltr'>est</span> <span class='ocrx_word' id='word_1_106' title='bbox 651 1021 771 1085; x_wconf 86' lang='lat' dir='ltr'>quod</span> <span class='ocrx_word' id='word_1_107' title='bbox 797 1022 957 1067; x_wconf 74' lang='lat' dir='ltr'>dixistis</span> <span class='ocrx_word' id='word_1_108' title='bbox 983 1040 993 1067; x_wconf 90' lang='lat'>:</span> <span class='ocrx_word' id='word_1_109' title='bbox 1021 1044 1040 1063; x_wconf 87' lang='lat'>«</span> <span class='ocrx_word' id='word_1_110' title='bbox 1060 1024 1146 1067; x_wconf 70' lang='lat' dir='ltr'>»Nee</span> <span class='ocrx_word' id='word_1_111' title='bbox 1171 1039 1313 1068; x_wconf 82' lang='lat' dir='ltr'>causae</span> <span class='ocrx_word' id='word_1_112' title='bbox 1338 1039 1463 1068; x_wconf 81' lang='lat' dir='ltr'>causa</span> <span class='ocrx_word' id='word_1_113' title='bbox 1482 1026 1646 1085; x_wconf 81' lang='lat' dir='ltr'>praeju-</span> 
     </span>
     <span class='ocr_line' id='line_1_14' title="bbox 263 1092 1645 1156; baseline 0 -17"><span class='ocrx_word' id='word_1_114' title='bbox 263 1093 397 1149; x_wconf 76' lang='lat' dir='ltr'>dicat,</span> <span class='ocrx_word' id='word_1_115' title='bbox 422 1110 499 1139; x_wconf 90' lang='lat' dir='ltr'>nec</span> <span class='ocrx_word' id='word_1_116' title='bbox 515 1109 711 1156; x_wconf 61' lang='lat' dir='ltr'>personae</span> <span class='ocrx_word' id='word_1_117' title='bbox 731 1109 927 1155; x_wconf 86' lang='lat' dir='ltr'>persona.</span> <span class='ocrx_word' id='word_1_118' title='bbox 952 1113 971 1134; x_wconf 80' lang='grc'>»</span> <span class='ocrx_word' id='word_1_119' title='bbox 992 1094 1103 1149; x_wconf 81' lang='lat' dir='ltr'>Quae</span> <span class='ocrx_word' id='word_1_120' title='bbox 1131 1103 1192 1137; x_wconf 90' lang='lat' dir='ltr'>est</span> <span class='ocrx_word' id='word_1_121' title='bbox 1211 1094 1289 1138; x_wconf 83' lang='lat' dir='ltr'>ista</span> <span class='ocrx_word' id='word_1_122' title='bbox 1309 1092 1481 1155; x_wconf 80' lang='lat' dir='ltr'>privata</span> <span class='ocrx_word' id='word_1_123' title='bbox 1498 1103 1540 1138; x_wconf 87' lang='lat' dir='ltr'>et</span> <span class='ocrx_word' id='word_1_124' title='bbox 1564 1109 1645 1156; x_wconf 83' lang='lat' dir='ltr'>pe-</span> 
     </span>
     <span class='ocr_line' id='line_1_15' title="bbox 264 1163 1646 1226; baseline -0.001 -16"><span class='ocrx_word' id='word_1_125' title='bbox 264 1164 437 1210; x_wconf 84' lang='lat' dir='ltr'>culiaris</span> <span class='ocrx_word' id='word_1_126' title='bbox 455 1163 740 1209; x_wconf 82' lang='lat' dir='ltr'>sanctificatio</span> <span class='ocrx_word' id='word_1_127' title='bbox 761 1200 770 1217; x_wconf 73' lang='grc'>,</span> <span class='ocrx_word' id='word_1_128' title='bbox 806 1181 891 1226; x_wconf 86' lang='lat' dir='ltr'>qua</span> <span class='ocrx_word' id='word_1_129' title='bbox 916 1163 1038 1209; x_wconf 72' lang='lat' dir='ltr'>vobis</span> <span class='ocrx_word' id='word_1_130' title='bbox 1061 1163 1163 1209; x_wconf 89' lang='lat' dir='ltr'>licet</span> <span class='ocrx_word' id='word_1_131' title='bbox 1188 1174 1235 1209; x_wconf 90' lang='lat' dir='ltr'>ut</span> <span class='ocrx_word' id='word_1_132' title='bbox 1271 1163 1387 1209; x_wconf 78' lang='lat' dir='ltr'>Afrae</span> <span class='ocrx_word' id='word_1_133' title='bbox 1410 1163 1524 1226; x_wconf 80' lang='lat' dir='ltr'>parti</span> <span class='ocrx_word' id='word_1_134' title='bbox 1547 1165 1646 1209; x_wconf 88' lang='lat' dir='ltr'>Do-</span> 
     </span>
     <span class='ocr_line' id='line_1_16' title="bbox 261 1233 1645 1297; baseline -0.001 -16"><span class='ocrx_word' id='word_1_135' title='bbox 261 1238 350 1281; x_wconf 87' lang='lat' dir='ltr'>nati</span> <span class='ocrx_word' id='word_1_136' title='bbox 378 1253 506 1281; x_wconf 83' lang='lat' dir='ltr'>causa</span> <span class='ocrx_word' id='word_1_137' title='bbox 531 1252 619 1280; x_wconf 92' lang='lat' dir='ltr'>non</span> <span class='ocrx_word' id='word_1_138' title='bbox 647 1233 906 1297; x_wconf 67' lang='lat' dir='ltr'>przejudicet</span> <span class='ocrx_word' id='word_1_139' title='bbox 939 1233 1032 1279; x_wconf 74' lang='lat' dir='ltr'>Afri</span> <span class='ocrx_word' id='word_1_140' title='bbox 1059 1234 1269 1279; x_wconf 87' lang='lat' dir='ltr'>Primiani</span> <span class='ocrx_word' id='word_1_141' title='bbox 1291 1271 1301 1290; x_wconf 80' lang='grc'>,</span> <span class='ocrx_word' id='word_1_142' title='bbox 1341 1251 1421 1279; x_wconf 84' lang='grc'>1100</span> <span class='ocrx_word' id='word_1_143' title='bbox 1447 1251 1645 1297; x_wconf 81' lang='lat' dir='ltr'>personae</span> 
     </span>
     <span class='ocr_line' id='line_1_17' title="bbox 261 1304 1644 1368; baseline -0.001 -16"><span class='ocrx_word' id='word_1_144' title='bbox 261 1307 476 1352; x_wconf 85' lang='lat' dir='ltr'>Primiani</span> <span class='ocrx_word' id='word_1_145' title='bbox 503 1305 856 1365; x_wconf 81' lang='lat' dir='ltr'>Carthaginensis</span> <span class='ocrx_word' id='word_1_146' title='bbox 898 1304 1158 1367; x_wconf 67' lang='lat' dir='ltr'>praejudiect</span> <span class='ocrx_word' id='word_1_147' title='bbox 1199 1322 1381 1368; x_wconf 83' lang='lat' dir='ltr'>persona</span> <span class='ocrx_word' id='word_1_148' title='bbox 1419 1305 1644 1351; x_wconf 85' lang='lat' dir='ltr'>Mustitani</span> 
     </span>
     <span class='ocr_line' id='line_1_18' title="bbox 262 1374 1644 1438; baseline 0 -18"><span class='ocrx_word' id='word_1_149' title='bbox 262 1376 464 1422; x_wconf 83' lang='lat' dir='ltr'>Felieiani</span> <span class='ocrx_word' id='word_1_150' title='bbox 486 1414 498 1433; x_wconf 77' lang='grc'><em>,</em></span> <span class='ocrx_word' id='word_1_151' title='bbox 524 1387 564 1422; x_wconf 90' lang='lat' dir='ltr'>et</span> <span class='ocrx_word' id='word_1_152' title='bbox 584 1375 637 1421; x_wconf 88' lang='lat' dir='ltr'>ad</span> <span class='ocrx_word' id='word_1_153' title='bbox 661 1392 740 1420; x_wconf 89' lang='lat' dir='ltr'>nos</span> <span class='ocrx_word' id='word_1_154' title='bbox 761 1374 965 1420; x_wconf 83' lang='lat' dir='ltr'>Africana</span> <span class='ocrx_word' id='word_1_155' title='bbox 985 1375 1243 1438; x_wconf 64' lang='lat' dir='ltr'>praejudicia</span> <span class='ocrx_word' id='word_1_156' title='bbox 1274 1386 1360 1420; x_wconf 83' lang='lat' dir='ltr'>tam</span> <span class='ocrx_word' id='word_1_157' title='bbox 1388 1374 1514 1435; x_wconf 84' lang='lat' dir='ltr'>longe</span> <span class='ocrx_word' id='word_1_158' title='bbox 1539 1375 1644 1421; x_wconf 86' lang='lat' dir='ltr'>mit-</span> 
     </span>
     <span class='ocr_line' id='line_1_19' title="bbox 261 1445 1186 1509; baseline -0.003 -17"><span class='ocrx_word' id='word_1_159' title='bbox 261 1456 409 1492; x_wconf 80' lang='lat' dir='ltr'>tantur</span> <span class='ocrx_word' id='word_1_160' title='bbox 434 1457 482 1492; x_wconf 84' lang='lat' dir='ltr'>ut</span> <span class='ocrx_word' id='word_1_161' title='bbox 505 1445 765 1509; x_wconf 63' lang='lat' dir='ltr'>praejudicet</span> <span class='ocrx_word' id='word_1_162' title='bbox 781 1461 910 1491; x_wconf 78' lang='lat' dir='ltr'>eausa</span> <span class='ocrx_word' id='word_1_163' title='bbox 929 1445 1186 1490; x_wconf 64' lang='lat' dir='ltr'>Ceeeiliani&#39;)</span> 
     </span>
    </p>

    <p class='ocr_par' dir='ltr' id='par_1_3' title="bbox 255 1515 1643 2562">
     <span class='ocr_line' id='line_1_20' title="bbox 324 1515 1643 1579; baseline -0.001 -17"><span class='ocrx_word' id='word_1_164' title='bbox 324 1517 376 1563; x_wconf 86' lang='lat' dir='ltr'>V.</span> <span class='ocrx_word' id='word_1_165' title='bbox 411 1517 540 1562; x_wconf 83' lang='lat' dir='ltr'>Dicat</span> <span class='ocrx_word' id='word_1_166' title='bbox 580 1517 713 1561; x_wconf 82' lang='lat' dir='ltr'>etiam</span> <span class='ocrx_word' id='word_1_167' title='bbox 734 1515 951 1560; x_wconf 77' lang='lat' dir='ltr'>catholica</span> <span class='ocrx_word' id='word_1_168' title='bbox 974 1515 1150 1561; x_wconf 85' lang='lat' dir='ltr'>ecclesia</span> <span class='ocrx_word' id='word_1_169' title='bbox 1175 1516 1220 1561; x_wconf 90' lang='lat' dir='ltr'>in</span> <span class='ocrx_word' id='word_1_170' title='bbox 1248 1516 1341 1579; x_wconf 83' lang='lat' dir='ltr'>ipsa</span> <span class='ocrx_word' id='word_1_171' title='bbox 1368 1515 1513 1563; x_wconf 82' lang='lat' dir='ltr'>Africa</span> <span class='ocrx_word' id='word_1_172' title='bbox 1533 1532 1643 1561; x_wconf 87' lang='lat' dir='ltr'>con-</span> 
     </span>
     <span class='ocr_line' id='line_1_21' title="bbox 260 1587 1643 1651; baseline -0.001 -17"><span class='ocrx_word' id='word_1_173' title='bbox 260 1589 408 1634; x_wconf 80' lang='lat' dir='ltr'>stituta</span> <span class='ocrx_word' id='word_1_174' title='bbox 433 1599 474 1633; x_wconf 88' lang='lat' dir='ltr'>et</span> <span class='ocrx_word' id='word_1_175' title='bbox 499 1605 579 1651; x_wconf 89' lang='lat' dir='ltr'>per</span> <span class='ocrx_word' id='word_1_176' title='bbox 600 1605 761 1651; x_wconf 80' lang='lat' dir='ltr'>pacem</span> <span class='ocrx_word' id='word_1_177' title='bbox 786 1597 913 1650; x_wconf 79' lang='lat' dir='ltr'>atque</span> <span class='ocrx_word' id='word_1_178' title='bbox 932 1587 1140 1633; x_wconf 79' lang='lat' dir='ltr'>unitatem</span> <span class='ocrx_word' id='word_1_179' title='bbox 1163 1588 1326 1633; x_wconf 85' lang='lat' dir='ltr'>Christi</span> <span class='ocrx_word' id='word_1_180' title='bbox 1341 1588 1425 1633; x_wconf 89' lang='lat' dir='ltr'>illis</span> <span class='ocrx_word' id='word_1_181' title='bbox 1438 1588 1643 1633; x_wconf 86' lang='lat' dir='ltr'>omnibus</span> 
     </span>
     <span class='ocr_line' id='line_1_22' title="bbox 259 1657 1642 1721; baseline -0.001 -17"><span class='ocrx_word' id='word_1_182' title='bbox 259 1659 565 1705; x_wconf 82' lang='lat' dir='ltr'>communione</span> <span class='ocrx_word' id='word_1_183' title='bbox 578 1657 811 1721; x_wconf 81' lang='lat' dir='ltr'>copulata:</span> <span class='ocrx_word' id='word_1_184' title='bbox 841 1657 959 1701; x_wconf 82' lang='lat' dir='ltr'>dicat</span> <span class='ocrx_word' id='word_1_185' title='bbox 984 1657 1114 1703; x_wconf 82' lang='lat' dir='ltr'>etiam</span> <span class='ocrx_word' id='word_1_186' title='bbox 1147 1658 1257 1720; x_wconf 81' lang='lat' dir='ltr'>ipsa,</span> <span class='ocrx_word' id='word_1_187' title='bbox 1282 1657 1370 1703; x_wconf 73' lang='lat' dir='ltr'>Nec</span> <span class='ocrx_word' id='word_1_188' title='bbox 1398 1657 1508 1702; x_wconf 84' lang='lat' dir='ltr'>mihi</span> <span class='ocrx_word' id='word_1_189' title='bbox 1531 1658 1642 1703; x_wconf 77' lang='lat' dir='ltr'>Cae-</span> 
     </span>
     <span class='ocr_line' id='line_1_23' title="bbox 261 1727 1642 1791; baseline -0.001 -17"><span class='ocrx_word' id='word_1_190' title='bbox 261 1729 406 1774; x_wconf 86' lang='lat' dir='ltr'>ciliani</span> <span class='ocrx_word' id='word_1_191' title='bbox 433 1745 561 1775; x_wconf 84' lang='lat' dir='ltr'>causa</span> <span class='ocrx_word' id='word_1_192' title='bbox 581 1727 843 1791; x_wconf 77' lang='lat' dir='ltr'>praejndicat</span> <span class='ocrx_word' id='word_1_193' title='bbox 860 1764 870 1783; x_wconf 82' lang='lat'>‚</span> <span class='ocrx_word' id='word_1_194' title='bbox 897 1737 1047 1772; x_wconf 83' lang='lat' dir='ltr'>contra</span> <span class='ocrx_word' id='word_1_195' title='bbox 1067 1744 1196 1790; x_wconf 83' lang='lat' dir='ltr'>quem</span> <span class='ocrx_word' id='word_1_196' title='bbox 1218 1728 1438 1772; x_wconf 82' lang='lat' dir='ltr'>absentem</span> <span class='ocrx_word' id='word_1_197' title='bbox 1458 1738 1642 1791; x_wconf 83' lang='lat' dir='ltr'>septua—</span> 
     </span>
     <span class='ocr_line' id='line_1_24' title="bbox 259 1797 1640 1862; baseline -0.001 -18"><span class='ocrx_word' id='word_1_198' title='bbox 259 1800 375 1859; x_wconf 80' lang='lat' dir='ltr'>ginta</span> <span class='ocrx_word' id='word_1_199' title='bbox 404 1800 707 1862; x_wconf 81' lang='lat' dir='ltr'>episcoporum.</span> <span class='ocrx_word' id='word_1_200' title='bbox 731 1809 792 1844; x_wconf 86' lang='lat' dir='ltr'>est</span> <span class='ocrx_word' id='word_1_201' title='bbox 820 1797 989 1860; x_wconf 82' lang='lat' dir='ltr'>prolata</span> <span class='ocrx_word' id='word_1_202' title='bbox 1022 1799 1256 1852; x_wconf 67' lang='lat' dir='ltr'>sententiag</span> <span class='ocrx_word' id='word_1_203' title='bbox 1285 1799 1388 1861; x_wconf 87' lang='lat' dir='ltr'>quia</span> <span class='ocrx_word' id='word_1_204' title='bbox 1415 1815 1501 1843; x_wconf 90' lang='lat' dir='ltr'>non</span> <span class='ocrx_word' id='word_1_205' title='bbox 1520 1815 1640 1861; x_wconf 63' lang='lat' dir='ltr'>prze-</span> 
     </span>
     <span class='ocr_line' id='line_1_25' title="bbox 255 1868 1640 1932; baseline 0.001 -18"><span class='ocrx_word' id='word_1_206' title='bbox 255 1869 426 1928; x_wconf 81' lang='lat' dir='ltr'>judicat</span> <span class='ocrx_word' id='word_1_207' title='bbox 472 1869 676 1915; x_wconf 60' lang='lat' dir='ltr'>Ecclesiae</span> <span class='ocrx_word' id='word_1_208' title='bbox 715 1885 816 1932; x_wconf 60' lang='lat' dir='ltr'>quos</span> <span class='ocrx_word' id='word_1_209' title='bbox 860 1878 948 1914; x_wconf 88' lang='lat' dir='ltr'>toto</span> <span class='ocrx_word' id='word_1_210' title='bbox 985 1869 1089 1913; x_wconf 77' lang='lat' dir='ltr'>orbe</span> <span class='ocrx_word' id='word_1_211' title='bbox 1133 1868 1394 1915; x_wconf 75' lang='lat' dir='ltr'>diffunditur</span> <span class='ocrx_word' id='word_1_212' title='bbox 1428 1870 1474 1913; x_wconf 90' lang='grc'>111</span> <span class='ocrx_word' id='word_1_213' title='bbox 1513 1873 1640 1929; x_wconf 89' lang='lat' dir='ltr'>cujus</span> 
     </span>
     <span class='ocr_line' id='line_1_26' title="bbox 257 1938 1640 2001; baseline 0.001 -17"><span class='ocrx_word' id='word_1_214' title='bbox 257 1940 564 1985; x_wconf 83' lang='lat' dir='ltr'>communione</span> <span class='ocrx_word' id='word_1_215' title='bbox 598 1955 824 2001; x_wconf 78' lang='lat' dir='ltr'>permaneo</span> <span class='ocrx_word' id='word_1_216' title='bbox 849 1957 858 1983; x_wconf 74' lang='grc' dir='ltr'><em>τ</em></span> <span class='ocrx_word' id='word_1_217' title='bbox 893 1951 966 1984; x_wconf 81' lang='lat' dir='ltr'>aut</span> <span class='ocrx_word' id='word_1_218' title='bbox 990 1949 1102 1984; x_wconf 88' lang='lat' dir='ltr'>certe</span> <span class='ocrx_word' id='word_1_219' title='bbox 1126 1938 1383 2001; x_wconf 58' lang='lat' dir='ltr'>praejudicet</span> <span class='ocrx_word' id='word_1_220' title='bbox 1408 1939 1523 2001; x_wconf 81' lang='lat' dir='ltr'>parti</span> <span class='ocrx_word' id='word_1_221' title='bbox 1547 1940 1640 1985; x_wconf 83' lang='lat' dir='ltr'>Do-</span> 
     </span>
     <span class='ocr_line' id='line_1_27' title="bbox 257 2009 1638 2073; baseline -0.001 -18"><span class='ocrx_word' id='word_1_222' title='bbox 257 2009 349 2054; x_wconf 86' lang='lat' dir='ltr'>nati</span> <span class='ocrx_word' id='word_1_223' title='bbox 369 2027 496 2055; x_wconf 84' lang='lat' dir='ltr'>causa</span> <span class='ocrx_word' id='word_1_224' title='bbox 519 2009 745 2064; x_wconf 59' lang='lat' dir='ltr'>primiani,</span> <span class='ocrx_word' id='word_1_225' title='bbox 774 2026 905 2073; x_wconf 84' lang='lat' dir='ltr'>quem</span> <span class='ocrx_word' id='word_1_226' title='bbox 920 2009 984 2054; x_wconf 90' lang='lat' dir='ltr'>sui</span> <span class='ocrx_word' id='word_1_227' title='bbox 1009 2009 1184 2069; x_wconf 66' lang='lat' dir='ltr'>collega}</span> <span class='ocrx_word' id='word_1_228' title='bbox 1204 2009 1398 2054; x_wconf 72' lang='lat' dir='ltr'>similiter</span> <span class='ocrx_word' id='word_1_229' title='bbox 1418 2009 1638 2055; x_wconf 76' lang='lat' dir='ltr'>absentem</span> 
     </span>
     <span class='ocr_line' id='line_1_28' title="bbox 258 2078 1638 2127; baseline 0 -3"><span class='ocrx_word' id='word_1_230' title='bbox 258 2081 550 2126; x_wconf 89' lang='lat' dir='ltr'>numerosiore</span> <span class='ocrx_word' id='word_1_231' title='bbox 575 2079 760 2126; x_wconf 87' lang='lat' dir='ltr'>concilio</span> <span class='ocrx_word' id='word_1_232' title='bbox 793 2079 1123 2127; x_wconf 79' lang='lat' dir='ltr'>(lamnaverunt.</span> <span class='ocrx_word' id='word_1_233' title='bbox 1172 2079 1216 2124; x_wconf 87' lang='lat' dir='ltr'>Si</span> <span class='ocrx_word' id='word_1_234' title='bbox 1256 2090 1397 2124; x_wconf 83' lang='lat' dir='ltr'>autem</span> <span class='ocrx_word' id='word_1_235' title='bbox 1423 2078 1518 2125; x_wconf 90' lang='lat' dir='ltr'>ideo</span> <span class='ocrx_word' id='word_1_236' title='bbox 1550 2096 1638 2124; x_wconf 91' lang='lat' dir='ltr'>non</span> 
     </span>
     <span class='ocr_line' id='line_1_29' title="bbox 257 2149 1633 2212; baseline 0 -18"><span class='ocrx_word' id='word_1_237' title='bbox 257 2149 537 2212; x_wconf 72' lang='lat' dir='ltr'>praeJudicat,</span> <span class='ocrx_word' id='word_1_238' title='bbox 561 2150 662 2212; x_wconf 88' lang='lat' dir='ltr'>quia</span> <span class='ocrx_word' id='word_1_239' title='bbox 677 2166 756 2194; x_wconf 86' lang='lat' dir='ltr'>nec</span> <span class='ocrx_word' id='word_1_240' title='bbox 782 2166 911 2196; x_wconf 85' lang='lat' dir='ltr'>causa</span> <span class='ocrx_word' id='word_1_241' title='bbox 937 2166 1097 2204; x_wconf 73' lang='lat' dir='ltr'>causae,</span> <span class='ocrx_word' id='word_1_242' title='bbox 1120 2166 1198 2194; x_wconf 90' lang='lat' dir='ltr'>nec</span> <span class='ocrx_word' id='word_1_243' title='bbox 1214 2165 1395 2212; x_wconf 84' lang='lat' dir='ltr'>persona</span> <span class='ocrx_word' id='word_1_244' title='bbox 1420 2165 1633 2212; x_wconf 63' lang='lat' dir='ltr'>personae,</span> 
     </span>
     <span class='ocr_line' id='line_1_30' title="bbox 259 2219 1637 2278; baseline 0 -15"><span class='ocrx_word' id='word_1_245' title='bbox 259 2219 399 2264; x_wconf 89' lang='lat' dir='ltr'>multo</span> <span class='ocrx_word' id='word_1_246' title='bbox 416 2220 550 2278; x_wconf 80' lang='lat' dir='ltr'>magis</span> <span class='ocrx_word' id='word_1_247' title='bbox 574 2219 783 2264; x_wconf 76' lang='lat' dir='ltr'>servanda</span> <span class='ocrx_word' id='word_1_248' title='bbox 809 2230 870 2264; x_wconf 82' lang='lat' dir='ltr'>est</span> <span class='ocrx_word' id='word_1_249' title='bbox 904 2220 982 2264; x_wconf 78' lang='lat' dir='ltr'>ista</span> <span class='ocrx_word' id='word_1_250' title='bbox 1014 2219 1181 2278; x_wconf 82' lang='lat' dir='ltr'>justitia</span> <span class='ocrx_word' id='word_1_251' title='bbox 1207 2236 1304 2278; x_wconf 82' lang='lat' dir='ltr'>erga</span> <span class='ocrx_word' id='word_1_252' title='bbox 1326 2219 1534 2264; x_wconf 88' lang='lat' dir='ltr'>unitatem</span> <span class='ocrx_word' id='word_1_253' title='bbox 1568 2235 1637 2263; x_wconf 82' lang='lat' dir='ltr'>ca-</span> 
     </span>
     <span class='ocr_line' id='line_1_31' title="bbox 262 2289 1636 2352; baseline -0.001 -17"><span class='ocrx_word' id='word_1_254' title='bbox 262 2289 471 2335; x_wconf 82' lang='lat' dir='ltr'>tholicam</span> <span class='ocrx_word' id='word_1_255' title='bbox 499 2289 693 2343; x_wconf 76' lang='lat' dir='ltr'>Christi,</span> <span class='ocrx_word' id='word_1_256' title='bbox 733 2290 766 2334; x_wconf 88' lang='grc'>51</span> <span class='ocrx_word' id='word_1_257' title='bbox 803 2306 895 2334; x_wconf 87' lang='lat' dir='ltr'>eam</span> <span class='ocrx_word' id='word_1_258' title='bbox 933 2290 1090 2334; x_wconf 71' lang='lat' dir='ltr'>servari</span> <span class='ocrx_word' id='word_1_259' title='bbox 1132 2306 1230 2347; x_wconf 76' lang='lat' dir='ltr'>erga</span> <span class='ocrx_word' id='word_1_260' title='bbox 1255 2306 1296 2334; x_wconf 87' lang='lat' dir='ltr'>se</span> <span class='ocrx_word' id='word_1_261' title='bbox 1322 2289 1513 2352; x_wconf 86' lang='lat' dir='ltr'>postulat</span> <span class='ocrx_word' id='word_1_262' title='bbox 1536 2304 1636 2351; x_wconf 83' lang='lat' dir='ltr'>pars</span> 
     </span>
     <span class='ocr_line' id='line_1_32' title="bbox 259 2359 1635 2421; baseline 0 -17"><span class='ocrx_word' id='word_1_263' title='bbox 259 2359 434 2406; x_wconf 85' lang='lat' dir='ltr'>Donati.</span> <span class='ocrx_word' id='word_1_264' title='bbox 470 2360 566 2404; x_wconf 85' lang='lat' dir='ltr'>Hoc</span> <span class='ocrx_word' id='word_1_265' title='bbox 591 2359 781 2405; x_wconf 77' lang='lat' dir='ltr'>Ecclesia</span> <span class='ocrx_word' id='word_1_266' title='bbox 796 2360 1015 2405; x_wconf 84' lang='lat' dir='ltr'>catholica</span> <span class='ocrx_word' id='word_1_267' title='bbox 1036 2360 1080 2404; x_wconf 88' lang='grc'>111</span> <span class='ocrx_word' id='word_1_268' title='bbox 1107 2359 1251 2405; x_wconf 80' lang='lat' dir='ltr'>Africa</span> <span class='ocrx_word' id='word_1_269' title='bbox 1273 2359 1505 2405; x_wconf 79' lang='lat' dir='ltr'>constituta</span> <span class='ocrx_word' id='word_1_270' title='bbox 1525 2375 1635 2421; x_wconf 89' lang='lat' dir='ltr'>pro-</span> 
     </span>
     <span class='ocr_line' id='line_1_33' title="bbox 256 2428 1634 2492; baseline -0.001 -17"><span class='ocrx_word' id='word_1_271' title='bbox 256 2429 416 2475; x_wconf 78' lang='lat' dir='ltr'>clamat</span> <span class='ocrx_word' id='word_1_272' title='bbox 436 2446 446 2474; x_wconf 90' lang='lat'>:</span> <span class='ocrx_word' id='word_1_273' title='bbox 466 2429 505 2475; x_wconf 94' lang='lat' dir='ltr'>O</span> <span class='ocrx_word' id='word_1_274' title='bbox 521 2446 622 2492; x_wconf 85' lang='lat' dir='ltr'>pars</span> <span class='ocrx_word' id='word_1_275' title='bbox 641 2429 821 2485; x_wconf 73' lang='lat' dir='ltr'>Donati,</span> <span class='ocrx_word' id='word_1_276' title='bbox 844 2440 890 2475; x_wconf 89' lang='lat' dir='ltr'>tu</span> <span class='ocrx_word' id='word_1_277' title='bbox 910 2430 988 2475; x_wconf 81' lang='lat' dir='ltr'>ista</span> <span class='ocrx_word' id='word_1_278' title='bbox 1004 2430 1135 2476; x_wconf 81' lang='lat' dir='ltr'>verba</span> <span class='ocrx_word' id='word_1_279' title='bbox 1153 2428 1319 2486; x_wconf 80' lang='lat' dir='ltr'>dixisti,</span> <span class='ocrx_word' id='word_1_280' title='bbox 1340 2440 1387 2475; x_wconf 85' lang='lat' dir='ltr'>tu</span> <span class='ocrx_word' id='word_1_281' title='bbox 1407 2430 1487 2474; x_wconf 84' lang='lat' dir='ltr'>ista</span> <span class='ocrx_word' id='word_1_282' title='bbox 1503 2429 1634 2475; x_wconf 83' lang='lat' dir='ltr'>verba</span> 
     </span>
     <span class='ocr_line' id='line_1_34' title="bbox 256 2499 1633 2562; baseline 0 -17"><span class='ocrx_word' id='word_1_283' title='bbox 256 2510 329 2546; x_wconf 82' lang='lat' dir='ltr'>tua</span> <span class='ocrx_word' id='word_1_284' title='bbox 356 2500 659 2560; x_wconf 75' lang='lat' dir='ltr'>recognovisti,</span> <span class='ocrx_word' id='word_1_285' title='bbox 690 2510 734 2545; x_wconf 89' lang='lat' dir='ltr'>tu</span> <span class='ocrx_word' id='word_1_286' title='bbox 754 2500 842 2546; x_wconf 85' lang='lat' dir='ltr'>istis</span> <span class='ocrx_word' id='word_1_287' title='bbox 861 2501 1002 2548; x_wconf 64' lang='lat' dir='ltr'>verbis</span> <span class='ocrx_word' id='word_1_288' title='bbox 1020 2500 1145 2546; x_wconf 82' lang='lat' dir='ltr'>etiam</span> <span class='ocrx_word' id='word_1_289' title='bbox 1169 2499 1459 2562; x_wconf 80' lang='lat' dir='ltr'>subscripsisti</span> <span class='ocrx_word' id='word_1_290' title='bbox 1477 2535 1489 2557; x_wconf 79' lang='grc'>,</span> <span class='ocrx_word' id='word_1_291' title='bbox 1506 2520 1526 2542; x_wconf 87' lang='lat'>«</span> <span class='ocrx_word' id='word_1_292' title='bbox 1543 2500 1633 2547; x_wconf 87' lang='lat' dir='ltr'>Nec</span> 
     </span>
    </p>
   </div>
  </div>
 </body>
</html>
