1763 2838
267 241 536 273 BREVICULUS
572 241 862 272 COLLATIONIS
898 242 987 272 CUM
1024 242 1306 275 DONATis'rIS.
1416 230 1469 277 (il

105 318 232 371 cepta
272 307 527 371 conscriptis
565 307 719 353 litteris
761 309 950 371 probare
993 308 1138 354 conati
1186 320 1313 367 sunt,
1359 312 1477 375 quod

104 379 286 424 maxime
309 379 353 423 in
382 379 586 424 mandato
620 379 951 425 Catholicorum
973 392 1360 427 commemoratum
1385 395 1475 441 est,

106 459 155 494 ut
188 449 454 512 probarent,
491 467 577 495 non
610 449 749 496 solum
788 467 887 496 Vera
921 467 1007 495 csse
1041 451 1224 496 crimina
1255 453 1479 499 Caeciliani

107 519 235 582 (nam
258 520 344 566 hoc
370 537 528 584 parum
548 522 653 578 est);
675 520 745 566 sed
770 520 898 565 etiam
921 520 1126 566 Ecclesiae
1145 558 1154 577 ,
1178 538 1277 584 quae
1294 539 1373 585 per
1389 540 1479 569 om-

104 606 177 635 nes
199 601 341 649 gentes
363 609 497 655 usque
526 591 579 637 ad
600 603 721 637 terrae
752 591 955 636 terminos
975 590 1207 647 dilatatur,
1234 609 1282 638 ea
1304 594 1481 656 probari

105 670 146 705 et
168 660 430 707 innotescere
447 662 638 725 potuisse
652 699 662 718 ,
686 672 732 706 ut
748 672 1058 724 consequenter
1075 661 1223 706 saltem
1241 663 1479 709 secundum

104 730 219 793 ipsos
229 743 371 794 posset
383 733 529 792 cognit
543 750 668 778 orum
680 743 961 796 peccatorum
976 732 1235 792 contagione
1250 734 1475 781 maculari.

159 801 252 848 XV.
286 804 399 848 Cum
430 804 576 867 itaque
610 804 765 849 litterae
799 802 1126 848 Donatistarum
1156 803 1347 849 recitatae
1370 803 1482 849 fuis-

106 882 215 926 sent,
238 872 377 918 voluit
399 875 625 933 Cognitor,
649 885 696 919 ut
720 874 849 919 etiam
880 890 981 937 quae
1013 873 1231 919 Catholici
1261 875 1483 921 recitanda

106 941 315 988 dederant
339 943 594 1003 legerentur.
638 944 721 990 Sed
742 945 981 990 Donatistae
1009 943 1063 988 ad
1090 962 1137 989 ea
1163 962 1263 1007 quse
1295 946 1484 1008 scripse-

105 1024 203 1058 rant
221 1025 268 1059 ut
287 1015 644 1078 responderetur,
676 1016 870 1075 flagitare
895 1026 1139 1078 coeperunt.
1171 1016 1302 1072 Quod
1331 1027 1371 1061 ct
1395 1019 1483 1061 Ca·-

105 1084 262 1131 tholici
275 1088 407 1146 magis
424 1087 645 1141 volebant,
670 1105 721 1132 ne
736 1088 822 1132 illae
844 1088 998 1132 litterae
1019 1087 1079 1131 sic
1101 1098 1339 1142 manerent,
1360 1088 1482 1151 quasi

106 1155 164 1200 eis
183 1173 271 1200 non
287 1157 477 1219 potuerit
502 1157 765 1220 responderi.
807 1157 1125 1220 Incipientihus
1154 1174 1254 1217 ergo
1282 1158 1485 1203 Catholi-

107 1226 168 1271 cis
209 1227 493 1289 respondere,
537 1229 776 1273 Donatistae
812 1229 1128 1290 interrumpere
1157 1238 1197 1273 et
1237 1229 1485 1292 obstrepere

107 1309 364 1360 coeperunt,
392 1316 444 1344 ne
468 1310 705 1361 perpetuus
724 1299 1022 1362 respondentis·
1048 1316 1186 1344 sermo
1208 1299 1482 1358 decurreret,

108 1370 219 1415 sicut
249 1388 397 1417 eorum
422 1371 578 1416 litterae
608 1370 727 1416 nnllo
756 1371 1057 1433 interpellante
1082 1370 1250 1415 fuerant
1276 1371 1481 1419 recitata*¹

109 1440 365 1487 volentibus
404 1460 502 1502 ergo
541 1441 783 1487 Catholicis
814 1441 961 1486 divina
998 1441 1237 1486 testimonia
1271 1458 1370 1504 quae
1404 1441 1489 1505 ipsi

108 1523 370 1574 posuerant,
398 1525 439 1558 et
468 1531 514 1558 ea
540 1529 641 1576 quae
668 1512 728 1557 illi
756 1523 1202 1557 conimemoraverant
1225 1550 1234 1566 ‚
1265 1512 1487 1558 ostendere

109 1583 480 1645 quemadmodum
500 1594 637 1628 essent
667 1581 920 1644 accipienda
936 1618 946 1637 ,
974 1599 1025 1626 ne
1050 1582 1162 1626 inter
1179 1599 1220 1626 se
1238 1582 1485 1645 deprehen-

110 1652 313 1698 derentur
332 1671 418 1699 esse
450 1654 664 1699 contraria
687 1690 695 1703 ,
736 1670 835 1697 cum
866 1663 1002 1697 essent
1028 1663 1211 1714 utraque
1237 1652 1410 1708 divina,
1450 1662 1492 1697 et

110 1730 262 1792 utique
288 1746 476 1773 consona
502 1745 587 1772 non
612 1726 781 1771 dissona
807 1742 892 1770 esse
929 1725 1162 1780 deberent,
1200 1726 1402 1788 primitus
1437 1726 1491 1771 de

112 1816 220 1845 areae
244 1798 526 1844 similitudine
551 1807 785 1860 coeperunt
809 1796 963 1842 dicere.
997 1797 1123 1841 'l‘nnc
1154 1797 1395 1842 Donatistae
1422 1798 1493 1841 in-

111 1870 474 1932 interrumpentes
497 1868 722 1915 dixerunt,
744 1866 862 1930 quod
889 1865 942 1910 de
967 1884 1061 1911 area
1096 1884 1182 1911 non
1215 1867 1424 1927 legeretur
1449 1868 1492 1911 in

114 1941 348 2000 Evangelio
382 1938 648 2003 scriptuml.
695 1939 895 2000 Cumque
932 1937 1167 2000 expressius
1204 1956 1227 1982 a
1255 1938 1493 1983 Catholicis

112 2010 232 2056 locus
256 2011 473 2071 Evangelii
493 2019 923 2062 commemoraretur,
968 2025 1113 2053 rursus
1131 2008 1492 2071 interrumpendo

113 2081 313 2128 dixerunt
336 2081 529 2127 occultos
555 2081 688 2126 malos
720 2080 860 2125 dictos
901 2097 987 2124 esse
1015 2080 1185 2142 paleam
1211 2091 1361 2141 postea
1385 2097 1489 2123 ven-

116 2152 339 2198 tilandam.
380 2152 487 2197 Inde
517 2153 626 2196 inter
651 2152 855 2212 strepitus
881 2161 921 2195 et
946 2150 1283 2212 interruptiones
1309 2166 1455 2194 eorum
1478 2186 1488 2205 ,

115 2222 168 2267 de
199 2223 371 2268 zizaniis
404 2233 445 2267 et
477 2223 620 2267 tritico
651 2221 856 2266 dissensio
885 2231 984 2265 nata
1012 2231 1073 2265 est
1096 2257 1105 2267 .
1136 2231 1318 2283 propter
1342 2221 1495 2266 mundi

115 2309 296 2347 nomen,
314 2310 400 2355 quo
426 2292 665 2337 Donatistae
687 2291 893 2336 nolebant
914 2289 1093 2349 intelligi
1119 2289 1370 2345 Ecclesiam,
1396 2293 1498 2353 quia

116 2363 328 2426 scriptum
351 2373 411 2407 est
435 2380 444 2406 :
474 2384 493 2402 «
516 2363 626 2421 Ager
648 2372 709 2406 est
726 2361 799 2406 hie
819 2360 1008 2405 mundus
1025 2361 1057 2407 2.
1091 2382 1110 2400 »
1140 2361 1193 2405 Et
1218 2361 1355 2406 multa
1377 2363 1498 2408 testi-

117 2434 262 2478 monia
283 2432 577 2497 protulerunt,
591 2432 752 2495 quibus
770 2443 917 2476 saneta
933 2431 1159 2494 Scriptura
1179 2432 1312 2477 mund
1324 2452 1392 2480 um
1412 2452 1499 2479 non

118 2504 198 2549 nisi
230 2503 365 2549 malos
395 2514 805 2557 commemorasset3
842 2502 971 2548 sicuti
1010 2513 1072 2547 est
1092 2540 1102 2558 ,
1141 2502 1272 2559 «Qui
1308 2504 1501 2553 dilexerit

168 2589 177 2610 ¹
200 2587 318 2620 Confer
331 2587 387 2622 lib.
407 2598 439 2622 2.
460 2593 548 2624 cont,
569 2586 727 2620 Gaudent.
748 2597 816 2629 cap.
834 2593 866 2623 4,
889 2603 932 2611 -
951 2584 966 2609 2
983 2585 1101 2620 Manli.
1116 2596 1190 2629 xiii,
1208 2586 1262 2620 38,
