1763 2838
285 149 382 205 514
705 162 741 192 5.
783 160 1027 193 mensa-ml
1062 161 1264 194 EPISCOPI

284 227 481 275 eamdem
530 226 769 272 orationem
808 226 1009 272 docendo
1051 228 1342 290 explicuisset,
1387 230 1657 276 veracissime

286 297 530 345 subdidisse
553 315 564 343 ε
590 318 610 339 «
630 297 677 343 Si
697 298 810 343 enim
828 297 1073 343 dimiseritis
1092 310 1270 361 peccata
1288 300 1562 356 homiuibus,
1586 300 1658 346 di-

289 370 473 415 »mittet
509 368 635 416 vobis
677 369 806 414 Pater
843 379 983 414 vester
1014 380 1191 432 peccata
1225 381 1378 418 vestra.
1406 393 1426 413 >›
1455 373 1539 417 Per
1570 371 1658 416 hoc

286 441 403 488 enim
439 439 744 503 quotidianum
782 439 976 502 spiritale
1015 439 1206 503 quodam
1234 440 1364 485 modo
1401 441 1623 487 incensum
1642 477 1654 496 ,

286 511 407 575 quod
430 522 528 557 ante
558 511 697 555 Deum
722 509 767 554 in
793 509 924 554 altare
947 509 1114 565 cordis,
1141 509 1260 572 quod
1302 526 1470 555 sursum
1495 511 1658 555 habere

288 583 596 635 admonemur,
622 579 830 636 infertur,
858 580 1023 625 etiamsi
1045 597 1130 625 non
1151 580 1225 625 hic
1250 581 1422 626 vivatur
1445 581 1534 626 sine
1550 597 1658 643 pec-

286 664 384 699 cato
401 691 412 709 ‚
439 652 541 698 licet
566 651 679 696 mori
703 651 791 698 sine
816 662 995 714 peccato
1013 689 1023 707 ,
1051 652 1157 696 dum
1182 651 1368 696 subinde
1390 651 1514 708 venia
1537 651 1658 696 dele—

286 735 374 779 tur,
396 722 515 786 quod
535 721 719 767 subinde
735 721 978 780 ignorantia
995 721 1061 767 vel
1077 721 1329 767 infirmitate
1350 721 1652 767 committitur.

350 795 492 840 XLII.
526 791 690 837 Deinde
709 803 1021 836 commemorat
1043 809 1112 837 eos
1126 829 1136 840 ,
1165 813 1185 832 «
1206 791 1294 847 Qui
1315 808 1402 836 non
1423 790 1553 836 modo
1571 807 1657 835 non

284 879 484 929 peccasse
505 899 516 918 ‚
559 863 840 908 verumetiam
878 865 993 921 justo
1028 862 1177 907 vixisse
1227 861 1488 916 reseruntur,
1524 860 1655 915 Abel,

287 935 468 991 Enoch,
495 932 843 988 Melchisedech,
885 933 1110 978 Abraham
1129 969 1140 987 ,
1183 933 1326 988 Isaac,
1361 933 1503 977 Jacob
1523 969 1533 987 ,
1561 936 1660 976 Jesu

286 1008 406 1054 Nave
424 1043 435 1063 ,
463 1004 676 1059 Phinees,
702 1003 902 1059 Samuel,
943 1003 1142 1057 Nathan,
1176 1002 1314 1057 Elias,
1343 1002 1508 1064 Joseph
1527 1039 1536 1055 ,
1573 1001 1659 1046 Eli-

286 1093 403 1128 seus,
428 1075 642 1130 Micheas,
681 1073 862 1128 Daniel,
889 1075 1094 1130 Ananias,
1120 1072 1316 1128 Azarias,
1345 1072 1523 1125 Misaffl,
1552 1072 1662 1116 Eze-

285 1147 402 1192 chiel
420 1184 431 1203 ,
472 1144 803 1200 Mardochaeus,
851 1144 1049 1200 Simeon,
1086 1144 1111 1188 J
1116 1144 1253 1206 oseph
1292 1143 1364 1188 cui
1406 1142 1664 1205 desponsata

286 1228 378 1262 erat
411 1217 532 1276 virgo
555 1215 691 1260 Maria
708 1253 718 1271 ,
747 1216 949 1262 JoanneS.
974 1237 995 1257 »
1020 1215 1232 1275 Adjungit
1264 1214 1395 1259 etiam
1423 1213 1625 1258 foeminas
1649 1229 1660 1256 :

288 1310 310 1330 «
336 1287 614 1340 Debboram,
640 1287 807 1330 Annam
830 1285 1040 1329 Samuelis
1062 1295 1243 1329 matrem
1259 1318 1270 1338 ‚
1289 1282 1469 1339 Judith‚
1493 1282 1664 1339 Esther,

288 1357 467 1402 alteram
493 1357 662 1401 Annam
684 1354 818 1398 filiam
844 1354 1044 1399 Phanuel
1066 1391 1076 1410 ,
1106 1353 1355 1407 Elizabeth‚
1377 1353 1517 1416 ipsam
1536 1352 1665 1397 etiam

287 1426 466 1474 Domini
485 1442 533 1470 ac
552 1424 785 1470 Salvatoris
802 1424 936 1469 nostri
957 1434 1137 1469 matrem
1150 1460 1161 1479 ,
1185 1440 1317 1486 quam
1335 1422 1449 1468 dicit·
1461 1424 1548 1468 sinc
1564 1439 1666 1486 pec-

288 1507 385 1542 cato
404 1495 600 1541 confiteri
620 1511 786 1539 necesse
809 1511 895 1539 esse
911 1494 1077 1558 pietati.
1099 1515 1119 1535 >2
1143 1495 1333 1556 Excepta
1350 1493 1496 1556 itaque
1518 1501 1667 1537 sancta

288 1566 455 1626 virgine
478 1565 616 1611 Maria
635 1601 645 1620 ,
670 1564 723 1609 de
747 1581 834 1627 qua
857 1575 1040 1628 propter
1063 1564 1275 1609 honorem
1301 1562 1478 1608 Domini
1501 1561 1667 1607 nullam

288 1654 469 1701 prorsus
494 1653 595 1682 cum
630 1635 683 1680 de
710 1637 901 1698 peccatis
931 1636 1072 1696 agitur
1091 1672 1101 1690 ,
1138 1635 1294 1680 haberi
1324 1633 1423 1680 volo
1460 1632 1669 1696 quaestio—

288 1723 419 1753 nem:
449 1705 564 1751 unde
594 1706 706 1750 enim
731 1706 890 1751 scimus
907 1743 917 1762 ,
957 1706 1066 1768 quid
1092 1706 1129 1750 ei
1152 1704 1250 1768 plus
1280 1705 1429 1764 gratiae
1460 1703 1667 1749 collatum

291 1776 422 1822 fuerit
440 1775 495 1821 ad
512 1775 776 1821 vincendum
797 1776 916 1820 omni
937 1793 983 1820 ex
1008 1786 1132 1838 parte
1153 1785 1385 1837 peccatum
1400 1811 1411 1829 ,
1442 1790 1540 1837 quae
1561 1790 1668 1819 con-

294 1847 438 1909 cipere
462 1862 511 1891 ac
534 1863 684 1908 parcre
708 1846 894 1899 meruit,
922 1863 1052 1909 quem
1076 1855 1243 1890 constat
1274 1845 1443 1889 nullum
1467 1844 1669 1889 hahuisse

294 1919 556 1981 peccatum?
578 1917 661 1961 hac
676 1933 775 1975 crgo
796 1916 970 1975 Virgine
990 1927 1164 1978 excepta
1181 1953 1191 1969 ,
1218 1917 1251 1960 si
1269 1932 1414 1960 omnes
1431 1914 1524 1959 illos
1541 1930 1669 1959 sanc-

296 1999 362 2032 tos
388 1998 430 2033 ct
453 1997 618 2032 sanctas
636 2024 646 2042 ,
675 2003 775 2031 cum
799 1986 873 2031 hic
898 1987 1091 2031 viverent
1111 2022 1121 2039 ,
1149 2002 1406 2044 congregare
1424 2001 1665 2047 possemUS,

296 2070 339 2104 ct
364 2059 626 2116 interrogare
651 2068 794 2102 utrum
818 2067 952 2101 essent
972 2057 1061 2101 sine
1081 2066 1259 2118 peccato
1278 2093 1287 2109 ‚
1307 2055 1562 2118 quid-fuisse
1582 2072 1670 2100 res-

296 2146 508 2191 ponsuros
532 2139 735 2190 putamus
755 2165 763 2182 ,
794 2139 939 2172 utrum
968 2127 1053 2172 hoc
1077 2126 1195 2190 quod
1216 2127 1291 2171 istc
1315 2127 1449 2181 dicit,
1481 2144 1533 2171 an
1552 2124 1670 2188 quod

298 2200 486 2243 Joannes
510 2198 755 2260 apostolus?
783 2199 904 2256 Rogo
929 2214 1002 2242 vos
1022 2234 1032 2251 ,
1053 2196 1325 2259 quantalibet
1345 2196 1505 2241 fuerint
1522 2196 1567 2240 in
1585 2195 1670 2240 hoc

302 2286 484 2331 corpore
501 2267 746 2313 excellentia
767 2267 1029 2322 sanctitatis,
1058 2268 1092 2311 si
1113 2267 1199 2311 hoc
1222 2266 1478 2326 interrogari
1498 2265 1671 2330 potuis-

303 2349 418 2394 sent,
446 2354 588 2383 nonne
619 2354 705 2383 una
730 2354 836 2383 voce
869 2336 1153 2382 clamassent:
1192 2357 1214 2378 «
1235 2336 1280 2381 Si
1309 2336 1539 2381 dixerimus
1569 2335 1673 2399 quia

302 2431 324 2453 »
341 2418 570 2474 peccatum
588 2424 676 2452 non
696 2407 910 2453 habemus
927 2442 938 2464 ,
966 2423 1043 2452 nos
1068 2405 1185 2470 ipsos
1205 2404 1446 2470 decipimus
1463 2441 1474 2462 ‚
1493 2416 1535 2451 et
1556 2404 1672 2451 veri-

303 2499 325 2524 »
347 2491 408 2527 tas
423 2479 468 2527 in
486 2474 614 2523 nobis
630 2493 718 2527 non
737 2474 854 2527 cst1?
872 2498 893 2525 >2
917 2477 985 2528 An
1002 2475 1112 2528 illud
1134 2476 1345 2526 humilius
1362 2473 1673 2540 responderent

351 2558 362 2583 Ι
381 2567 393 2589 1
414 2559 512 2593 Joan.
529 2564 551 2601 τι
567 2553 598 2590 8·
