1763 2838
277 140 371 189 528
687 147 722 178 s,
766 143 1008 176 Auensrml
1042 142 1243 175 Emscom

278 220 442 274 videre,
464 215 537 262 sed
560 231 649 261 non
664 221 806 276 potest
828 228 838 255 :
863 210 897 255 si
918 220 1059 255 autem
1078 209 1174 256 vult
1195 220 1236 255 et
1267 217 1527 272 nonpotest,
1546 207 1654 254 inest

278 291 496 342 voluntas,
517 285 589 331 sed
607 283 758 329 amissa
773 293 834 327 est
850 279 1125 344 possibilitas·

343 361 438 405 LX.
465 356 625 403 Adhuc
647 353 790 400 videte
814 369 919 415 quas
941 351 1073 396 moles
1093 361 1289 406 conetur,
1312 368 1397 414 qua
1422 368 1540 397 suam
1559 366 1650 395 sen-

280 430 462 477 tentiam
495 426 645 479 ducat‚
679 424 919 485 irrumpere
936 458 946 477 ‚
969 421 1002 466 si
1026 420 1196 467 valeret.
1236 420 1404 480 Objicit
1431 421 1543 466 enim
1567 419 1650 465 sibi

279 499 580 563 quaestionem,
601 494 773 540 dicens:
797 514 816 534 α
835 491 920 537 Sed
938 508 1038 537 caro
1055 490 1182 535 nobis
1205 490 1444 536 secundum
1466 492 1651 554 Aposto-

281 571 372 616 lum
399 568 615 614 contraria
637 575 725 620 est,
754 564 921 627 inquies
939 562 971 609 4.
1003 583 1023 604 >2
1047 561 1214 606 Deinde
1233 561 1462 624 respondet
1483 579 1493 606 ε
1518 583 1538 603 α
1564 561 1652 617 Qui

280 639 376 686 sieri
406 647 571 701 potest,
602 645 651 679 ut
683 634 944 696 cuicumque
974 632 1195 694 baptizato
1217 632 1271 676 sit
1289 648 1388 677 caro
1412 631 1649 686 contraria,

282 726 384 755 cum
419 705 659 753 secundum
689 703 889 749 eumdem
921 701 1178 765 Apostolum
1215 702 1258 746 in
1285 719 1413 747 carne
1449 718 1536 747 non
1570 717 1655 746 esse

280 778 575 836 intelligatur?
590 777 657 819 lta
667 774 781 818 enim
796 774 879 818 ait:
896 773 1004 818 «Vos
1018 783 1159 817 autem
1170 772 1214 816 in
1226 788 1354 817 carne
1371 789 1460 816 non
1473 772 1568 817 estis
1582 771 1616 818 2.
1634 793 1654 813 »

284 854 416 903 Bene,
440 846 561 909 quod
594 837 829 907 baptizatis
856 843 964 888 dicit
987 859 1158 887 carnem
1181 842 1442 887 contrariam
1466 859 1550 887 esse
1570 859 1657 887 non

283 934 435 981 posse3
459 914 579 978 quod
614 924 760 959 utrum
790 929 943 959 verum
969 912 1046 967 sit,
1078 922 1173 974 post
1204 911 1479 957 videbimus3
1504 930 1516 956 ε
1543 927 1658 957 nunc

284 1003 385 1033 vero
396 985 499 1049 quia
516 984 758 1046 nonpotuit
773 984 947 1046 penitus
968 999 1009 1027 se
1030 981 1324 1027 oblivisciesse
1340 981 1653 1038 Christianum,

285 1056 358 1103 sed
386 1055 432 1100 id
453 1055 555 1100 licet
579 1054 761 1099 tenuiter
798 1052 1048 1098 recordatus
1070 1062 1148 1102 θεῖ,
1177 1051 1347 1096 recessit
1365 1068 1387 1095 a
1417 1051 1661 1097 defensione

282 1136 469 1172 naturae.
510 1124 598 1169 Ubi
640 1134 703 1169 est
731 1140 831 1183 ergo
864 1122 1209 1185 inseparabilitas
1242 1120 1563 1183 possibilitatis?
1593 1123 1660 1167 An

284 1196 395 1242 forte
418 1193 615 1240 nondum
658 1193 870 1255 baptizati
895 1193 941 1237 in
964 1202 1117 1237 natura
1157 1191 1388 1235 hominum
1412 1208 1499 1235 non
1526 1195 1658 1238 sunt?

285 1264 362 1310 hic
382 1279 556 1326 prorsus
573 1300 583 1319 ,
614 1262 690 1307 hic
714 1273 858 1325 posset
885 1262 1111 1321 evigilare,
1133 1271 1173 1304 et
1209 1261 1241 1304 si
1282 1260 1476 1305 advertat
1498 1272 1654 1324 potest.

287 1354 308 1375 a
330 1334 420 1389 Qui
444 1332 538 1376 fieri
553 1341 714 1393 potest,
738 1331 898 1394 inquit,
923 1331 1245 1391 utcuicumque
1260 1330 1480 1391 baptizato
1495 1332 1548 1376 sit
1562 1349 1662 1377 caro

285 1402 531 1448 contraria?
552 1402 663 1460 Ergo
680 1418 768 1446 non
788 1400 1021 1463 baptizatis
1039 1410 1183 1462 potest
1202 1416 1301 1444 caro
1320 1417 1406 1445 esse
1426 1403 1656 1449 contraria.

285 1472 486 1534 Exponat
523 1469 894 1533 quemadmodum
917 1490 928 1523 3
956 1486 1056 1515 cuni
1095 1469 1148 1514 sit
1170 1469 1296 1514 etiam
1319 1469 1365 1514 in
1382 1470 1486 1533 ipsis
1517 1471 1590 1517 illa
1608 1473 1662 1517 ab

286 1558 337 1586 eo
364 1540 551 1586 multum
571 1538 744 1584 defensa
779 1550 933 1585 natura
961 1557 970 1583 :
997 1549 1110 1584 certe
1131 1538 1257 1584 velin
1282 1540 1338 1584 cis
1366 1541 1664 1587 conceditesse

285 1611 502 1665 vitiatam,
531 1610 565 1654 si
583 1613 675 1668 jam
693 1609 737 1654 in
757 1609 988 1671 baptizatis
1002 1608 1074 1653 ille
1091 1610 1260 1653 saucius
1278 1626 1403 1654 sanus
1421 1610 1473 1655 de
1491 1611 1663 1658 stabulo

286 1697 476 1740 egressus
488 1680 601 1734 est-4,
625 1689 698 1723 aut
716 1696 844 1724 sanus
865 1679 910 1724 in
930 1677 1102 1724 stabulo
1120 1688 1180 1722 est
1200 1695 1286 1740 quo
1306 1695 1402 1724 eum
1423 1681 1666 1727 curandum

285 1749 528 1794 misericors
552 1749 846 1794 Samaritanus
871 1749 1052 1795 advexit.
1085 1749 1221 1793 Porro
1240 1749 1274 1793 si
1300 1750 1366 1795 vel
1390 1750 1479 1795 istis
1503 1768 1664 1797 conce-

288 1819 354 1864 dit
374 1836 547 1863 carnem
570 1835 655 1863 esse
681 1819 945 1863 contrariam
965 1856 975 1874 ‚
1003 1818 1120 1863 dicat
1157 1819 1263 1880 quid
1291 1821 1540 1879 contigerit,
1565 1840 1666 1868 cum

287 1888 344 1933 sit
360 1898 611 1950 utrumque,
650 1887 738 1932 hoc
768 1898 852 1941 θεῖ,
892 1898 933 1932 et
957 1904 1056 1932 caro
1076 1898 1115 1932 ct
1137 1888 1310 1949 spiritus
1327 1901 1524 1936 creatura
1541 1893 1666 1937 unius

285 1957 564 2020 ejusdemque
585 1957 806 2013 creatoris,
829 1956 1139 2019 proculdubio
1157 1958 1292 2013 bona,
1314 1959 1413 2020 quia
1429 1960 1561 2006 boni:
1587 1962 1664 2007 nisi

290 2027 394 2088 quia
413 2026 500 2071 hoc
525 2037 587 2071 est
609 2026 762 2072 vitium
781 2063 791 2082 ,
826 2026 946 2088 quod
982 2027 1161 2089 propria
1181 2027 1397 2073 inflictum
1421 2041 1483 2075 est
1506 2031 1666 2077 volun-

288 2107 401 2150 tate3
430 2108 472 2142 et
495 2097 582 2142 hoc
607 2107 656 2141 ut
680 2097 725 2141 in
751 2107 905 2142 natura
939 2109 1136 2153 sanetur,
1166 2115 1214 2143 eo
1238 2098 1332 2161 ipso
1357 2116 1467 2162 opus
1490 2113 1551 2147 est
1581 2102 1667 2148 sal-

286 2177 436 2214 vatore
454 2203 464 2222 ,
492 2183 579 2228 quo
607 2166 803 2211 instituta
827 2177 889 2211 est
911 2178 1067 2213 natura
1084 2179 1286 2214 creatore.
1317 2169 1412 2214 Hoc
1437 2171 1663 2228 salvatore,

287 2255 420 2300 eaque
461 2237 576 2282 illius
621 2237 855 2293 medicina,
883 2255 970 2301 qua
996 2239 1189 2283 Verbum
1211 2256 1310 2284 caro
1330 2240 1491 2286 factum
1513 2245 1591 2296 est,
1621 2253 1669 2287 ut

285 2308 506 2353 habitaret
523 2308 567 2352 in
587 2308 713 2353 nobis
732 2307 769 2364 5,
799 2309 831 2353 si
848 2325 959 2371 opus
980 2326 1065 2355 esse
1082 2310 1293 2355 fateamur
1314 2312 1461 2372 parvis
1480 2323 1521 2358 et
1543 2330 1669 2373 mag-

333 2408 344 2429 ¹
366 2407 468 2438 Galat.
484 2416 516 2447 v,
544 2418 596 2446 17.
612 2425 654 2432 —-·
675 2406 797 2441 21’10m.
814 2416 885 2450 vin,
905 2420 939 2450 9,
956 2426 1000 2434 -—
1018 2406 1031 2432 3
1046 2409 1157 2452 Capite
1175 2409 1332 2454 proximo.
1352 2427 1396 2437 υ-
1420 2408 1445 2455 14-
1459 2414 1535 2445 Lue.
1563 2423 1595 2459 xl
1611 2414 1666 2452 34,

282 2478 325 2488 -
344 2458 357 2485 5
375 2462 468 2493 Joan.
490 2466 590 2503 1212.
