1763 2838
201 159 254 190 DE
293 160 468 192 NATURA
503 161 554 191 ET
592 160 776 202 GRATIA,
817 161 991 193 CONTRA
1028 163 1266 196 PELAGIUM.
1354 150 1438 197 501

72 224 147 271 dat
187 225 364 280 dieens3
409 247 428 268 «
450 226 538 284 Qui
584 238 982 274 transmutaverunt
1030 230 1253 276 veritatem
1283 232 1361 277 Dei
1407 234 1451 278 in

73 317 93 338 2>
115 296 410 352 mendacium,
437 308 479 343 et
501 297 730 344 coluerunt
748 309 788 343 et
811 298 1049 344 servierunt
1073 312 1282 347 ereaturae
1306 303 1454 365 potius

72 389 91 408 >2
117 384 249 430 quam
287 368 500 424 Creatori,
529 369 604 432 qui
650 380 712 414 est
754 368 1008 414 benedictus
1034 371 1079 415 in
1104 371 1280 426 saecula,
1305 390 1445 420 amen.

70 460 90 480 >2
109 439 297 502 Propter
321 439 433 495 hoc,
481 440 625 503 inquit
644 477 654 495 ,
697 439 876 485 tradidit
905 441 1019 485 Deus
1048 441 1144 487 illos
1167 442 1211 487 in
1234 443 1454 505 passiones

70 529 90 550 ›>
118 509 384 569 ignominiae.
417 512 528 556 Ecce
546 511 714 574 quoties
743 510 936 556 vindicat
965 512 1079 556 Deus
1097 549 1107 567 ,
1139 522 1180 557 et
1215 530 1261 558 ex
1303 512 1453 559 eadem

71 579 304 625 »vindicta
330 580 456 643 plura
481 592 522 626 et
550 581 745 641 graviora
789 591 969 644 peccata
1014 594 1295 642 consurgunt.
1342 583 1454 629 Nam

69 670 89 691 »
108 649 301 696 foeminae
325 668 471 696 eorum
499 651 842 697 immutaverunt
866 652 1106 697 naturalem
1133 669 1258 698 usum
1285 653 1325 699 in
1355 671 1452 699 eum

68 741 88 762 ³>
117 737 240 766 usum
262 721 338 785 qui
362 733 422 767 est
442 733 592 767 contra
615 732 813 767 naturam
842 739 853 766 ε
876 721 1071 768 similiter
1094 734 1237 769 autem
1270 735 1312 769 et
1334 741 1451 770 mas-

67 812 88 833 »
115 791 202 837 culi
228 792 376 838 relicto
396 793 585 838 naturali
612 810 691 839 usu
714 792 927 848 foeminae,
965 805 1213 839 exarserunt
1242 795 1286 840 in
1311 812 1452 858 appe-

67 882 88 904 »
116 863 240 908 titum
263 880 389 909 suum
413 864 456 908 in
477 865 663 910 invicem
681 901 691 919 ‚
731 864 913 909 masculi
932 864 976 909 in
1003 864 1215 910 masculos
1237 865 1449 912 deformi-

67 954 87 975 »
111 944 239 979 tatem
282 945 523 998 operantes.
553 957 573 977 ›>
614 936 755 999 Atque
799 945 846 980 ut
872 935 1114 981 ostenderet
1155 936 1215 981 sic
1251 954 1336 982 esse
1371 938 1452 983 ista

64 1016 262 1068 peccata,
292 1016 339 1050 ut
360 1006 488 1051 etiam
517 1024 665 1069 poenae
691 1007 775 1051 sint
796 1017 1098 1070 peccatorum.
1130 1008 1258 1052 etiam
1279 1008 1346 1053 his
1372 1008 1450 1054 ad-

60 1076 202 1134 junxit
227 1092 237 1114 =
262 1097 281 1116 «
303 1077 358 1122 Et
382 1077 621 1122 mercedem
643 1085 1010 1140 mutuamsquam
1037 1079 1248 1140 oportuit,
1294 1079 1448 1125 erroris

65 1167 86 1187 υ
110 1147 173 1191 sui
191 1147 234 1192 in
253 1148 490 1211 semetipsis
514 1149 781 1211 recipientes.
809 1169 828 1189 >2
856 1147 1006 1193 Videte
1048 1149 1215 1210 quoties
1238 1149 1444 1206 vindicet,

64 1216 299 1280 eademque
336 1218 529 1264 vindicta
549 1236 649 1281 qua]
672 1219 813 1282 pariat
837 1218 1111 1282 pulluletque
1126 1230 1318 1281 peccata.
1351 1219 1446 1265 Ad-

64 1287 153 1332 huc
178 1288 416 1333 attendite:
444 1290 497 1333 Et
526 1289 637 1334 sicut
665 1307 749 1333 non
767 1289 1085 1351 probaverunt.
1113 1289 1273 1351 inquit,
1307 1291 1444 1335 Deum

65 1379 84 1399 ›>
110 1357 329 1403 haberein
346 1359 517 1414 notitia,
548 1358 727 1404 tradidit
746 1359 840 1403 illos
860 1361 974 1403 Deus
999 1358 1043 1403 in
1071 1359 1302 1420 reprobam
1325 1377 1450 1404 men-

64 1450 84 1471 »
107 1438 210 1483 tem,
239 1439 282 1474 ut
302 1428 463 1474 faciant
481 1446 581 1493 (Iure
607 1447 691 1474 non
718 1429 1000 1478 conveniunt,
1026 1428 1208 1491 repletos
1229 1431 1346 1475 omni
1367 1431 1445 1476 ini-

61 1521 81 1542 »
103 1500 286 1563 quitate,
310 1517 410 1545 cum
430 1500 800 1545 circumventione
817 1537 826 1547 ,
853 1499 1014 1544 malitia
1035 1536 1044 1548 .
1068 1500 1264 1553 avaritia,
1292 1500 1441 1562 plenos

65 1592 85 1611 ›>
107 1569 296 1625 invidia,
328 1570 590 1625 homicidio,
631 1570 930 1622 contentione,
984 1569 1108 1623 dolo,
1152 1569 1441 1629 malignitate,

65 1658 352 1686 »susurrones
377 1679 386 1695 ‚
424 1641 687 1686 detractores
707 1678 718 1697 ‚
744 1643 837 1686 Deo
863 1639 1064 1696 odibiles,
1093 1642 1443 1699 contumeliosos,

63 1732 84 1752 ›>
108 1711 338 1774 superbos,
362 1711 510 1765 elatos,
546 1713 787 1757 inventores
810 1711 1043 1767 malorum,
1077 1712 1332 1773 parentibus
1359 1730 1446 1758 non

64 1804 83 1824 »
107 1781 372 1837 obedientes,
394 1782 658 1845 insipientes,
686 1781 1014 1844 incompositos,
1047 1781 1136 1826 sine
1165 1783 1338 1836 affeetu,
1360 1783 1449 1828 sine

64 1875 84 1894 »
108 1852 415 1899 misericordia.
443 1876 462 1895 »
490 1854 573 1898 Hic
610 1870 726 1898 nune
751 1853 828 1897 iste
859 1852 977 1897 dicat
1000 1870 1009 1896 :
1034 1874 1052 1892 α
1082 1854 1182 1896 Non
1207 1851 1361 1898 debuit
1389 1854 1449 1898 sic

64 1946 83 1965 »
103 1923 316 1971 vindicari
334 1935 562 1986 peccatum
581 1962 591 1981 ,
626 1935 674 1969 ut
710 1933 915 1986 peccator
940 1940 1018 1986 per
1041 1921 1280 1968 vindictam
1319 1923 1447 1986 plura

63 2016 82 2036 »
108 2004 410 2040 committeret.
446 2015 466 2034 »

128 2063 265 2110 XXV.
311 2067 505 2109 Fortasse
523 2063 807 2126 respondeat,
832 2066 974 2109 Deum
996 2063 1048 2108 ad
1065 2063 1141 2107 ista
1161 2080 1247 2108 non
1263 2080 1414 2123 eogere
1430 2103 1440 2123 ‚

62 2135 135 2181 sed
170 2135 322 2194 dignos
348 2134 484 2180 deseri
512 2146 679 2180 tantum
717 2135 923 2181 deserere.
961 2134 1003 2179 Si
1039 2134 1123 2178 hoc
1149 2133 1282 2190 dicit,
1309 2136 1445 2181 veris-

63 2207 167 2252 sime
184 2205 327 2251 dicit:
358 2205 514 2250 deserti
541 2206 735 2268 quippe.
768 2216 813 2250 ut
839 2205 950 2260 dixi,
980 2205 1075 2249 luce
1099 2205 1279 2263 justitie
1312 2217 1353 2250 et
1376 2224 1449 2269 per

62 2277 150 2322 hoc
176 2277 475 2321 contenebrati
502 2276 608 2339 quid
639 2277 811 2339 pariant
836 2243 982 2321 :¹di1d.
1012 2293 1143 2338 quun
1166 2275 1190 2319 l)
1199 2292 1260 2319 2³31(
1281 2278 1443 2332 omnia,

62 2363 137 2410 qu
127 2364 163 2391 e
181 2364 446 2392 commemor
451 2348 517 2392 axi
542 2365 673 2394 onera
695 2347 855 2392 teneln
851 2363 994 2392 ιιιιιιι
1021 2346 1157 2390 done<
1179 2344 1248 2389 di<
1254 2356 1352 2391 1·1tui
1370 2348 1445 2403 eis,

65 2417 98 2461 si
130 2416 247 2464 dicto
266 2417 336 2462 ob
341 2416 536 2462 iudi221nt
560 2417 736 2476 ‹Surge
752 2417 824 2480 qni
849 2416 1035 2464 dormis
1061 2427 1099 2461 et
1120 2433 1272 2475 exurge
1292 2435 1312 2461 a
1336 2435 1447 2462 ιιιοι-
