1763 2838
296 108 356 154 82
722 125 757 154 s.
799 124 1041 155 Aueosrrm
1077 124 1280 158 EPISCOP1

294 182 355 234 sic
374 188 557 251 scriptas
574 197 614 233 et
634 186 804 243 missas,
824 204 924 250 quae
946 188 979 233 si
995 188 1138 252 aliquo
1154 190 1285 236 modo
1299 190 1672 256 deprehenderen-

296 270 383 308 tur,
403 268 444 304 et
463 257 635 304 codices
653 257 861 304 occultati
881 258 984 318 exigi
1008 271 1208 322 possent,
1229 272 1269 306 et
1288 262 1410 308 Ordo
1427 274 1468 308 et
1488 266 1673 312 (Iurator

297 340 338 375 et
354 330 563 375 Centurio
573 339 614 373 et
628 329 841 374 Beneficia
850 328 936 373 rius
949 329 1001 374 ad
1019 329 1248 391 discrimen
1263 333 1416 396 capitis
1430 336 1669 397 pervenire,

295 400 370 463 qui
385 399 635 457 Secundum
653 398 817 444 tradere
830 397 1044 443 nolentem
1063 399 1329 463 impunitum
1349 402 1555 461 dimisisse
1571 422 1673 468 pro-

297 469 516 515 debantur
531 489 542 523 3
557 467 677 513 nullo
699 467 826 513 inodo
847 468 901 513 ad
920 468 1071 513 horam
1095 471 1334 533 reperirent
1353 471 1456 528 alias
1475 473 1675 537 epistolas

300 551 493 603 tempore
524 538 838 602 persecutionis
863 538 918 583 ab
953 538 1166 602 episcopis
1190 540 1244 604 ad
1274 541 1564 605 episcoposvin
1586 554 1675 590 tam

296 610 536 674 longinqua
562 609 773 654 terrarum
795 607 989 654 similiter
1011 607 1149 655 datas.

360 681 572 740 XXXIII.
616 679 727 725 Cum
752 696 851 739 ergo
871 679 977 724 hinc
1005 678 1212 725 diuturna
1236 680 1502 727 conflictatio
1526 682 1670 740 fieret,

296 769 410 815 saepe
434 750 731 814 repetentibus
749 749 986 795 Donatistis
1006 766 1092 795 non
1114 750 1303 813 potuisse
1320 760 1512 814 tempore
1524 770 1675 816 perse-

297 821 484 867 cutionis
499 819 735 866 concilium
753 820 1003 880 congregari
1022 819 1076 865 ad
1093 819 1346 883 episcopum
1363 821 1672 881 ordinandum,

297 893 398 954 quia
420 893 463 936 in
490 891 706 954 apostasia
722 901 812 935 erat
835 890 1044 946 mundus,
1068 907 1145 935 nec
1171 901 1292 936 erant
1317 892 1478 955 quibus
1498 892 1677 939 ordina-

298 978 434 1017 retur,
455 972 497 1006 et
519 958 675 1006 ‘eaet'era
702 958 801 1004 talia'
823 977 834 1004 :
854 959 1094 1005 Catholicis
1115 971 1255 1005 autem
1282 961 1644 1024 respondentibus
1660 1000 1671 1020 ,

299 1032 418 1096 quod
437 1043 477 1077 et
493 1030 686 1094 episcopi
705 1028 830 1075 facile
848 1041 1211 1090 congregarentur
1232 1042 1319 1076 tam
1339 1032 1472 1095 pauci
1490 1070 1500 1085 ,
1526 1044 1574 1078 ut
1599 1050 1676 1079 nec

297 1102 535 1149 concilium
569 1100 657 1145 dici
687 1099 872 1157 debeat5
896 1100 1074 1163 quando
1109 1100 1257 1163 plebes
1282 1102 1673 1162 congregabantur,

299 1173 410 1218 sicut
436 1182 550 1232 gesta
587 1171 835 1233 Martyrum
872 1180 1158 1224 testarentur3
1185 1182 1227 1216 et
1261 1183 1381 1217 erant
1415 1173 1504 1217 sine
1539 1172 1676 1218 dubio

295 1244 455 1308 quibus
483 1241 786 1287 ordinarentur
816 1240 1039 1304 episcopi,
1072 1241 1178 1304 ipsae
1213 1242 1362 1304 utique
1396 1242 1542 1305 plebes
1570 1260 1677 1306 quas

296 1325 400 1360 tunc
441 1313 586 1359 solitas
624 1311 875 1371 congregari
910 1322 1025 1371 gesta
1069 1313 1309 1374 Martyrum
1342 1312 1636 1376 loquebantur
1661 1311 1673 1358 ὲ

296 1385 395 1430 haec
431 1385 532 1429 cuin
559 1381 726 1428 assidue
754 1380 901 1426 inultis
926 1391 966 1425 et
1001 1381 1130 1426 variis
1166 1381 1306 1427 modis
1337 1382 1599 1438 dicerentur,
1636 1394 1677 1428 et

297 1453 698 1517 responderentur:
731 1468 832 1496 nam
869 1461 911 1496 et
944 1450 1123 1496 domum
1164 1451 1380 1514 privatam
1420 1443 1678 1499 Christianis

298 1523 609 1585 congregandis
634 1522 876 1585 praestitam
898 1522 1091 1566 constitit
1116 1521 1310 1585 ternpore
1338 1524 1674 1586 persecutioniS,

297 1596 410 1642 sicut
432 1595 477 1639 in
493 1591 757 1656 quibusdam
783 1591 907 1651 gestis
933 1592 1174 1653 Martyrum
1198 1591 1445 1651 legebatur3
1461 1594 1560 1657 quia
1584 1594 1678 1639 Do-

296 1666 468 1711 natiStae
482 1664 682 1708 dixerunt
696 1663 787 1707 fieri
800 1679 885 1706 non
905 1662 1093 1725 potuisse
1111 1699 1121 1717 ,
1142 1672 1190 1706 ut
1202 1661 1274 1707 illo
1290 1673 1482 1726 ternpore
1496 1662 1677 1709 domum

298 1752 419 1781 suam
440 1734 670 1798 quisquam
695 1732 912 1795 praebcret
935 1750 945 1776 ε
967 1742 1008 1777 et
1032 1744 1419 1778 commemoratum
1453 1744 1515 1779 est
1543 1732 1678 1797 usque

301 1805 407 1851 adeo
446 1808 534 1849 non
574 1820 659 1848 esse
697 1801 979 1864 incredibile,
1011 1801 1132 1865 quod
1166 1802 1211 1847 in
1249 1803 1465 1866 privatam
1494 1802 1677 1850 domum

298 1875 431 1939 pauci
450 1874 513 1920 illi
535 1872 730 1937 episcopi
750 1872 1062 1936 persecutionis
1082 1882 1274 1936 tempore
1292 1882 1587 1921 convenerunt
1601 1910 1611 1930 ,
1631 1884 1680 1920 ut

300 1946 487 1992 fervente
521 1944 816 2007 persecutione
839 1942 969 1988 etiam
994 1943 1038 1988 in
1064 1960 1233 1988 carcere
1265 1943 1503 1990 doceantur
1533 1944 1678 2007 bapti-

301 2016 384 2061 zati
405 2016 615 2077 Martyres
633 2051 644 2069 ,
666 2025 708 2059 et
727 2013 816 2058 illic
832 2031 854 2058 a
876 2013 1136 2067 Christianis
1157 2013 1370 2059 celebrata
1389 2026 1675 2071 sacramenta,

302 2085 380 2132 ubi
400 2084 639 2131 Christiani
662 2094 842 2147 propter
864 2082 1013 2128 eadem
1038 2095 1302 2129 sacramenta
1323 2085 1583 2130 tenebantur
1606 2085 1678 2130 in-

302 2155 439 2202 clusi:
481 2156 593 2200 inter
623 2154 722 2199 lisec
759 2171 857 2213 ergo
899 2152 1073 2198 tandein
1113 2153 1373 2217 aliquando,
1403 2172 1517 2217 saepe
1551 2154 1679 2199 etiam

303 2225 512 2285 Cognitor
534 2224 844 2279 interlocutus,
873 2224 963 2268 fieri
984 2224 1174 2286 potuisse
1199 2224 1322 2269 illum
1345 2236 1607 2270 conventum
1623 2222 1678 2269 ab

301 2290 540 2360 episcopis,
575 2291 750 2356 quando
785 2303 826 2337 et
865 2292 1014 2355 plebes
1055 2305 1323 2353 congregatae
1347 2294 1676 2358 probabantur3

301 2363 519 2429 compulit
543 2363 815 2418 DonatistaS,
844 2366 891 2407 ut
922 2374 1073 2408 contra
1107 2363 1342 2410 concilium
1376 2363 1681 2427 judiciumque

305 2428 588 2491 Molem-adis,
614 2450 702 2497 quo
740 2432 1004 2480 Caecilianus
1043 2445 1256 2496 purgatus
1289 2445 1419 2500 atque
1453 2431 1680 2490 absolutus
