1763 2838
249 125 310 187 9ss
667 138 704 169 s·
747 135 990 170 ausus-nm
1025 137 1227 171 Emscom

245 205 331 251 hac
349 204 442 268 ipsa
469 203 726 259 Collatione,
764 219 898 265 quam
921 203 1050 250 modo
1067 204 1324 265 Carthagini
1343 203 1578 251 habuimus
1600 222 1612 249 ε

241 295 264 317 «
283 274 415 331 Quod
442 291 521 321 nec
557 289 698 319 causae
722 289 876 328 causa,
910 290 989 320 nec
1012 292 1208 338 personas
1232 292 1414 339 persona
1436 278 1612 339 praeju—

245 344 373 392 dlCet.
401 367 423 387 ))

311 416 394 462 IlI.
420 417 546 461 Tunc
571 425 714 461 autem
738 415 825 460 hoc
846 414 1072 472 dixerunt,
1099 416 1275 480 quando
1299 418 1357 462 eis
1389 416 1572 462 diximus
1600 434 1611 460 ε

245 486 490 531 Concilium
513 485 633 548 quod
672 497 824 531 contra
848 486 1132 533 Caecilianum
1170 487 1390 550 profertiS‚
1426 488 1488 532 sic
1527 503 1616 531 non

244 555 366 600 obest
392 556 558 601 absenti
585 555 838 611 Caeciliano,
859 557 1230 619 quemadmodum
1246 556 1479 601 concilium
1495 555 1615 620 quod

243 625 288 670 in
311 642 438 671 causa
456 625 709 672 Maximiani
733 626 897 672 factum
913 637 991 681 est,
1015 627 1093 672 ubi
1111 627 1340 673 damnatus
1354 637 1414 672 est
1427 627 1610 672 Primian

243 712 342 752 nus,
367 713 452 742 non
474 697 595 742 obest
627 697 790 742 absenti
824 697 1060 743 Primiano.
1107 698 1388 743 Protulerunt
1410 697 1525 743 enim
1553 697 1617 742 ibi

244 767 514 828 septuaginta
555 778 597 812 et
623 766 740 830 quod
772 769 960 813 excurrit
991 769 1244 832 episc0p05,
1278 768 1353 831 qui
1396 767 1614 813 absentem

242 833 559 881 damnaverunt
585 835 887 892 Caecilianum,
925 853 1026 882 cum
1050 837 1325 900 proferantur
1354 836 1453 899 plus
1476 836 1616 882 minus

242 914 416 948 centum
441 905 634 968 episcopi
651 906 785 968 partis
807 906 1019 968 ipsorum,
1041 908 1116 970 qui
1133 908 1444 953 damnaverant
1464 906 1614 951 absen-

242 983 328 1018 tem
356 974 641 1021 Primianum.
670 975 783 1031 Quia
806 992 905 1034 ergo
927 976 1111 1022 diximus
1128 1014 1138 1029 ,
1163 977 1220 1021 eis
1244 977 1357 1022 sicut
1388 974 1497 1021 illud
1526 991 1614 1019 non

241 1043 387 1089 obesse
415 1045 675 1100 Caeciliano,
700 1045 1074 1108 quemadmodum
1114 1047 1199 1091 hoc
1238 1064 1326 1091 non
1367 1046 1489 1090 obest
1512 1044 1616 1089 Pri-

240 1113 405 1169 miano,
428 1115 635 1177 quoniam
664 1125 815 1159 contra
846 1116 1039 1161 absentes
1069 1116 1182 1161 facta
1200 1126 1299 1161 sunt
1321 1115 1451 1160 ambo
1471 1113 1615 1160 conci-

241 1182 296 1228 lia
318 1202 328 1228 :
350 1185 558 1230 continuo
573 1202 661 1230 non
686 1185 950 1231 invenientes
970 1203 1070 1249 quae
1088 1185 1413 1249 responderent,
1438 1195 1479 1229 et
1501 1184 1612 1229 hor-

238 1252 385 1299 ribiles
427 1255 641 1314 angustias
665 1255 796 1318 passi,
825 1254 1025 1301 dixerunt
1050 1274 1060 1301 ε
1089 1278 1107 1296 <‹
1131 1256 1221 1301 Nec
1252 1272 1426 1300 causam
1446 1270 1606 1310 causae,

239 1339 318 1369 nec
348 1342 573 1387 personam
618 1324 907 1388 praeiudicare
942 1343 1137 1389 personae
1175 1343 1228 1370 :»
1253 1324 1372 1388 quod
1413 1324 1612 1369 adversus

238 1409 385 1439 omnes
402 1394 618 1440 humanas
642 1394 879 1439 calumnias
902 1395 946 1440 in
972 1413 1043 1441 ore
1063 1396 1201 1441 habet
1217 1394 1436 1440 catholica
1459 1393 1613 1438 Eccle-

229 1462 309 1518 sia,
330 1480 446 1509 nunc
460 1475 603 1509 autem
624 1464 760 1509 multo
780 1464 930 1510 fortius
951 1465 1176 1528 multoque
1194 1465 1390 1519 liberius,
1429 1462 1610 1526 quando

232 1532 277 1578 id
296 1533 415 1596 quod
431 1551 599 1598 semper
620 1535 776 1581 veritas
801 1535 958 1590 tenuit,
986 1536 1116 1580 etiam
1140 1535 1419 1580 inimicorum
1438 1531 1612 1578 confes-

234 1602 295 1647 sio
308 1605 595 1650 confirmavit.
608 1605 715 1660 Quis
726 1622 825 1663 ergo
844 1605 933 1650 sine
944 1605 1116 1650 tristitia
1133 1603 1319 1666 perferat
1332 1604 1480 1663 gravi?
1503 1603 1611 1659 Quis

233 1673 442 1731 gemitum
465 1674 696 1719 cohibeat?
731 1674 840 1729 Quis
864 1690 951 1719 non
986 1673 1031 1718 in
1065 1673 1278 1735 lacrymas
1309 1684 1350 1718 et
1381 1673 1428 1718 in
1459 1689 1610 1719 vocem

236 1741 397 1790 doloris
418 1753 643 1806 erumpat,
664 1743 741 1806 qui
773 1743 860 1788 hoc
886 1743 1015 1802 digne
1044 1742 1408 1788 consideraverit?
1431 1744 1543 1787 Ecce
1563 1751 1611 1787 ut

233 1814 290 1860 ab
329 1814 545 1877 episcopis
587 1813 723 1876 partis
769 1813 930 1858 Donati
967 1813 1198 1858 damnatus
1243 1813 1490 1858 Primianus
1522 1820 1611 1856 non

232 1884 403 1930 amittat
442 1884 761 1947 episcopatum,
804 1892 878 1928 aut
904 1893 950 1928 ut
987 1883 1231 1928 Primianus
1257 1900 1344 1928 non
1379 1882 1609 1928 damnatus

229 1971 318 2001 non
341 1955 552 2018 inquietet
578 1964 748 2017 partem
775 1953 953 2005 Donati,
975 1970 1053 1998 nec
1083 1969 1223 1999 causae
1244 1970 1390 2006 causa,
1415 1970 1494 1998 nec
1512 1970 1609 2016 per-

232 2041 348 2070 sonae
374 2041 557 2087 persona
587 2022 851 2087 praejudicat
878 2040 888 2067 :
920 2033 968 2068 ut
993 2033 1134 2068 autem
1169 2023 1452 2079 Caecilianus,
1479 2039 1609 2085 quem

239 2095 461 2140 absentem
488 2094 657 2140 inimici
676 2093 873 2139 similiter
895 2093 1237 2150 damnaverunt,
1262 2110 1350 2138 non
1374 2092 1609 2156 deputetur

231 2165 478 2226 episcopus,
502 2174 544 2208 et
555 2163 821 2209 contaminet
845 2180 991 2209 omnes
1023 2162 1282 2208 christianas
1304 2172 1448 2222 gentes
1473 2178 1608 2225 usque

236 2233 289 2278 ad
309 2233 515 2278 terminos
550 2242 694 2289 terrae,
722 2244 765 2278 et
791 2249 935 2278 causae
962 2250 1107 2290 causa,
1130 2243 1173 2278 et
1208 2249 1403 2296 personae
1423 2249 1606 2296 persona

229 2303 506 2367 praejudiCat.

293 2374 368 2420 lv.
396 2373 481 2419 Sed
502 2389 609 2421 voce
637 2373 773 2436 ipsius
805 2373 984 2420 unitatis
1010 2372 1196 2418 clament
1224 2372 1425 2418 Ecclesiae
1447 2373 1594 2428 Ponti,

225 2444 447 2508 Bithyniae
466 2480 478 2502 ,
510 2443 648 2504 Asiae,
678 2444 1001 2509 Cappadociae,
1028 2452 1371 2507 caeterarumque
1409 2442 1603 2492 orienta-
