1763 2838
259 148 320 202 34.
676 161 710 191 s.
755 160 995 192 Aucusrrm
1029 159 1232 192 EPISCOPI

261 246 359 276 nem
399 228 510 274 inter
533 238 791 273 memoratos
813 228 1040 291 episcopos
1059 227 1172 284 fieri,
1210 239 1258 274 ut
1281 227 1629 291 superstitionem

260 300 485 346 manifesta
507 299 616 345 ratio
637 299 892 345 confutaret.

325 371 408 417 111,
438 368 638 415 Secundo
660 368 756 415 loco
780 369 1008 415 recitatum
1027 379 1088 414 est·
1105 368 1295 414 edictum
1314 367 1448 432 ipsius
1468 368 1629 429 Cogni-

258 441 389 497 toris‚
424 439 542 503 quod
581 456 660 502 per
690 438 994 503 provinciam4
1035 434 1171 495 misit,
1209 450 1258 484 ut
1291 440 1629 485 convenirentur

256 512 482 574 utriusque
500 510 635 573 partis
657 511 848 573 episcopi
866 547 876 566 ,
898 521 939 555 et
958 509 1072 555 intra
1093 508 1206 554 diem
1226 508 1520 555 Kalendarum
1555 510 1633 555 Ju-

253 584 423 630 niarum
440 581 688 627 conferendi
712 599 839 627 causa
861 590 1226 640 congregarentur
1259 580 1542 639 Carthagine.
1578 581 1630 625 In

254 672 303 700 eo
328 653 470 698 edicto
495 651 692 697 basilicas
710 652 797 696 sine
813 651 1004 710 jussione
1024 649 1303 713 imperatoris
1322 650 1513 695 reddidit
1540 651 1632 695 Do-

255 724 422 770 natistis
438 760 448 777 ‚
473 723 547 785 qni
569 738 610 766 se
643 721 954 784 pollicerentur
988 738 1074 766 esse
1103 731 1307 767 venturos
1322 757 1332 774 ‚
1366 731 1413 765 ut
1434 738 1482 765 eo
1504 720 1633 765 modo

256 813 326 841 eos
352 794 403 840 ad
429 792 740 839 conferendum
764 793 893 837 etiam
915 792 1136 837 beneficiis
1161 792 1378 838 invitaret.
1405 792 1457 836 ln
1484 791 1635 837 eodem

258 866 386 911 etiam
412 864 552 908 edicto
577 862 738 907 obtulit
762 863 819 907 eis
837 900 847 918 ,
874 874 922 907 ut
953 862 1087 908 alium
1110 879 1239 925 quem
1260 862 1418 908 vellent
1437 879 1536 908 cum
1562 862 1635 907 illo

253 935 447 998 judicem
476 933 823 987 constituerent3
854 934 1105 997 juravitque
1135 950 1176 979 se
1207 933 1602 992 hocjudicaturnm
1623 969 1633 985 ‚

259 1005 378 1070 quod
397 1005 551 1051 veritas
576 1004 769 1049 suasisset
794 1021 803 1048 :
833 1014 875 1048 et
908 1015 1062 1049 caetera
1090 1020 1189 1067 quae
1225 1003 1276 1048 ad
1296 1004 1635 1049 exhortationem

260 1075 602 1136 congregationis
626 1074 796 1119 illorum
821 1074 970 1119 eodem
995 1075 1273 1120 continentur
1293 1073 1451 1120 edicto,

329 1147 402 1193 lv.
435 1146 580 1191 Tertio
602 1144 698 1190 loco
726 1145 952 1189 recitatum
968 1155 1030 1189 est
1049 1145 1229 1189 alterum
1256 1142 1500 1202 Cognitoris
1525 1143 1640 1188 edic-

266 1230 375 1269 tumq
390 1216 508 1280 quod
530 1216 865 1279 proposuitjam
881 1215 1170 1278 praesentibus
1192 1214 1310 1277 apud
1331 1214 1640 1273 Carthaginem

266 1289 491 1349 utriusque
511 1288 645 1349 partis
669 1286 913 1349 episcopis,
942 1286 1017 1348 qui
1036 1285 1155 1330 locus
1180 1296 1220 1330 et
1242 1286 1317 1348 qui
1353 1284 1508 1329 modus
1534 1284 1641 1329 tssol-

264 1358 436 1406 lationis
461 1358 636 1402 futurus
656 1367 761 1402 esset
782 1394 792 1413 ,
821 1356 1074 1419 supradicto
1100 1357 1168 1401 die
1199 1356 1349 1401 itidem
1370 1372 1642 1401 commemo-

264 1441 357 1476 rato
391 1439 432 1474 et
453 1429 722 1474 constituto:
751 1438 793 1472 et
827 1427 1055 1472 admonuit
1087 1437 1136 1472 ut
1159 1427 1195 1471 ei
1220 1444 1320 1490 pars
1352 1436 1536 1489 utraque
1574 1442 1644 1472 re-

269 1500 503 1555 scriberet,
526 1509 671 1544 utrum
700 1498 924 1561 pIacerent
948 1514 1046 1560 qua=
1067 1495 1400 1560 comprehendit
1419 1495 1574 1541 edicto.

330 1570 381 1616 V.
415 1571 582 1625 Quarto
610 1568 705 1613 loco
731 1585 829 1612 cum
861 1569 998 1630 partis
1020 1568 1178 1612 Donati
1208 1566 1404 1629 episcopi
1433 1565 1646 1624 exigerent

265 1640 454 1707 proponi
470 1639 551 1685 sibi
573 1640 627 1684 al)
648 1639 902 1684 adversariis
920 1655 1007 1701 qua
1031 1654 1158 1683 causa
1172 1637 1351 1682 fuissent
1366 1635 1613 1695 congregati
1631 1652 1641 1679 :

270 1713 480 1773 Cognitor
506 1711 697 1763 distulit,
727 1721 773 1755 ut
794 1727 839 1754 ex
861 1709 1012 1754 ordine
1035 1709 1157 1773 prius
1175 1708 1321 1754 onmia
1342 1708 1643 1761 recitarentur,

270 1802 371 1849 qua),
396 1794 493 1828 ante
520 1783 633 1827 diem
671 1781 928 1827 Collationis
956 1790 1050 1825 acta
1081 1780 1265 1825 fuerant.
1310 1778 1365 1822 Et
1388 1777 1563 1823 recitata
1587 1786 1648 1821 est

269 1856 438 1902 notaria
462 1853 789 1899 Donatistarum
812 1890 820 1903 ,
847 1852 889 1896 in
913 1868 997 1914 qua
1018 1850 1239 1904 dixerunt„
1264 1864 1351 1893 non
1371 1848 1454 1893 sibi
1479 1848 1648 1911 placere

273 1927 391 1990 quod
428 1927 469 1971 in
495 1925 636 1970 edicto
663 1941 737 1968 sno
765 1923 933 1985 posuit,
963 1931 1009 1966 ut
1041 1921 1089 1987 hi
1121 1920 1198 1965 soli
1223 1937 1268 1964 ex
1309 1918 1523 1981 episcopis
1547 1934 1648 1963 con-

270 1999 466 2045 venirent
499 1996 551 2042 ad
580 1995 834 2041 Collationis
868 1993 1043 2048 locum,
1073 2009 1181 2055 quos
1212 1990 1266 2036 ad
1302 1990 1439 2052 ipsam
1476 2005 1649 2034 causam

271 2068 562 2132 peragendam
599 2066 741 2112 caetori
768 2064 1051 2123 delegissent,
1094 2062 1171 2125 qui
1201 2078 1347 2106 omnes
1376 2058 1547 2118 triginta
1583 2075 1649 2103 sex

274 2139 634 2202 coniplebanuli·‚
675 2137 822 2181 (locem
860 2145 901 2179 et
936 2145 1034 2179 octo
1057 2133 1190 2186 hinc,
1226 2142 1268 2177 et
1295 2130 1443 2176 decem
1480 2140 1520 2175 et
1552 2140 1649 2174 octo

274 2211 404 2263 inde3
434 2209 479 2254 id
501 2219 583 2261 est,
608 2218 768 2270 septem
795 2206 870 2267 qui
895 2205 1006 2250 inter
1021 2222 1062 2249 se
1080 2204 1353 2266 disputarent
1369 2238 1379 2256 ,
1408 2211 1449 2244 et
1473 2200 1542 2245 alii
1561 2217 1652 2262 sep-
1674 2213 1677 2216 ⁴

276 2294 361 2330 tem
386 2282 462 2346 qui
488 2279 674 2326 concilio
695 2279 725 2323 si
752 2294 862 2339 opus
881 2286 983 2321 esset
1003 2275 1318 2320 adhiberentur
1335 2310 1346 2328 ‚
1378 2282 1418 2317 et
1443 2271 1514 2317 alii
1538 2289 1650 2336 qua-

278 2353 387 2400 terni
405 2352 481 2415 qui
510 2350 634 2411 gestis
657 2346 949 2393 ctatstodiendis
968 2356 1009 2391 et
1033 2342 1357 2390 conscribendis
1380 2352 1611 2405 praeessent
1636 2359 1646 2386 ε

273 2424 349 2472 sed
372 2423 672 2486 petivernntse
689 2435 836 2464 omnes
857 2417 1002 2481 potius
1019 2453 1031 2475 ,
1055 2415 1132 2480 qui
1151 2424 1382 2470 venerant,
1411 2412 1554 2459 adesse
1577 2410 1650 2458 de-

327 2507 339 2529 1
359 2507 452 2537 Forte
471 2514 528 2548 per
546 2501 735 2546 proxincias.
