1763 2838
271 162 361 216 234
691 179 726 209 s,
769 178 1014 209 Aucusrml
1049 178 1252 209 Emscom

272 242 492 288 absolvitis
509 280 519 300 ‚
540 260 649 308 quos
663 244 789 290 nobis
802 245 1138 290 communicasse
1154 245 1437 304 cognoveritis
1456 244 1612 291 invitos
1623 283 1634 303 ,

272 314 304 358 si
323 315 582 360 sacrificium
602 333 687 361 non
709 315 973 369 obtulerint,
994 332 1133 378 neque
1152 333 1389 362 sermonem
1412 317 1455 362 in
1473 316 1639 380 populo

269 384 472 438 secerint3
509 387 631 448 quasi
671 387 733 432 illi
768 398 871 432 tunc
896 386 1026 450 primi
1054 386 1276 432 traditores
1307 388 1388 432 sub
1416 398 1572 433 terrore
1598 398 1639 433 et

269 455 714 503 horroreimmanium
735 458 1073 522 supplicior·uni‚
1093 457 1237 520 qualia
1257 457 1387 502 modo
1400 458 1522 503 vobis
1539 475 1639 503 om-

269 525 371 570 nino
401 526 547 571 nullus
574 527 770 587 ingessit‚
797 529 965 574 codices
985 538 1153 573 sanctos
1187 545 1273 572 non
1297 527 1422 572 inviti
1445 526 1638 572 tradide-

270 595 382 651 rint,
411 608 485 642 aut
507 598 766 644 sacrificinm
787 600 874 644 illic
901 598 1160 654 obtulerint,
1196 608 1268 643 aut
1294 598 1337 642 in
1355 597 1523 661 populo
1547 615 1640 643 ser-

273 682 444 711 monem
481 667 692 715 fecerint?
711 670 873 715 Videtis
899 686 997 729 ergo
1022 668 1139 731 quod
1167 668 1278 714 sicut
1304 685 1377 713 vos
1405 668 1511 722 istis,
1535 685 1642 731 quos

268 737 495 782 vanissime
510 740 798 785 criminamini
812 741 1118 785 communione
1130 749 1272 784 nostra
1286 739 1376 784 ficri
1396 738 1637 794 traditores,

268 807 301 851 si
321 808 428 869 quid
451 808 577 855 inviti
598 810 776 856 fecerint
791 849 800 865 ‚
824 813 1024 874 potuistis
1044 813 1261 870 ignoscere
1279 830 1290 863 ;
1318 810 1375 855 ita
1399 810 1526 855 etiam
1544 827 1643 855 ma·-

262 881 376 936 jores
402 881 529 924 vestri
549 880 591 925 in
611 882 860 927 necessitate
888 882 1027 927 multo
1055 882 1236 927 arctiore
1260 881 1532 926 tradentibus
1550 891 1642 925 tra-

270 947 485 994 ditoribus
509 952 619 996 veris
636 989 645 998 .
685 952 729 997 in
765 952 913 997 eadem
950 952 1096 1012 regula
1135 953 1353 1011 ignoscere
1381 961 1633 1013 potuerunt.

269 1018 351 1063 Sed
372 1031 419 1064 ut
442 1020 697 1067 damnarent
715 1022 818 1068 alios
833 1023 1027 1067 absentes
1046 1033 1085 1067 et
1103 1022 1320 1067 inauditos
1335 1059 1344 1076 ‚
1365 1022 1644 1066 inimicorum

272 1090 497 1136 Caeciliani
526 1092 712 1138 factione
738 1093 950 1156 compulsi
974 1103 1096 1148 sunt,
1128 1091 1332 1137 facientes
1355 1091 1473 1154 quod
1499 1091 1551 1137 de
1572 1102 1644 1136 ta-

273 1160 388 1206 libus
415 1162 649 1224 Apostolus
674 1163 783 1209 dicit
811 1181 822 1209 :
854 1185 872 1204 α
895 1166 945 1208 ln
970 1181 1056 1226 quo
1082 1163 1195 1208 enim
1221 1162 1352 1207 alium
1377 1161 1550 1221 judicas
1567 1199 1577 1218 ,
1605 1172 1646 1207 te

272 1252 292 1272 »
315 1231 459 1293 ipsum
477 1233 737 1278 condemnas
757 1254 767 1287 3
787 1234 934 1279 eadem
957 1235 1069 1278 enim
1090 1233 1177 1293 agis
1200 1249 1297 1295 quae
1312 1231 1525 1292 judicas1.
1551 1254 1565 1271 u

336 1303 493 1347 XLIX.
527 1304 810 1368 Quapropter
824 1304 1030 1366 quoniam
1050 1303 1291 1348 Donatistae
1311 1303 1558 1365 semetipsos
1573 1319 1643 1347 oc-

269 1371 412 1417 cidere
438 1390 605 1435 semper
623 1385 876 1420 amaverunt
894 1411 904 1429 ‚
931 1383 971 1419 et
991 1373 1073 1437 ipsi
1091 1373 1146 1417 ab
1166 1373 1288 1418 initio
1307 1371 1533 1417 traditores
1552 1371 1641 1416 fue-

270 1452 398 1496 runt3
422 1443 529 1505 quid
554 1445 710 1489 mirum
737 1445 769 1489 si
793 1444 1012 1489 traditoris
1035 1454 1215 1489 mortem
1242 1444 1368 1489 etiam
1391 1459 1486 1488 suos
1505 1452 1644 1505 poste-

271 1531 340 1559 ros
364 1531 503 1559 amare
536 1514 814 1561 docuerunt?
849 1515 932 1560 Sed
961 1514 1149 1563 vitandae
1185 1514 1318 1574 hujus
1351 1513 1646 1560 similitudinis

271 1601 415 1641 causa,
436 1585 503 1631 vel
518 1603 760 1648 nunquam,
780 1586 847 1632 vel
864 1585 1117 1630 difficillime
1135 1601 1176 1630 se
1194 1584 1347 1647 laqueo
1361 1594 1638 1631 necaverunt.

276 1658 447 1701 Frustra
481 1657 684 1710 omnino3
717 1674 818 1702 nam
851 1656 921 1701 ille
954 1655 1115 1700 Judam
1152 1654 1404 1700 traditorem
1439 1653 1482 1699 id
1509 1654 1646 1700 facere

275 1724 535 1789 compulit2',
557 1726 633 1789 qui
653 1737 693 1771 et
712 1726 835 1771 illum
853 1742 1037 1790 puerum
1055 1763 1065 1781 ‚
1085 1742 1214 1789 quem
1230 1725 1394 1771 sanavit
1413 1725 1644 1781 Dominus,

271 1798 316 1843 in
341 1814 498 1860 aquam
521 1807 561 1842 et
583 1795 724 1857 ignem
748 1814 862 1859 saepe
884 1796 1068 1856 dejecit,
1095 1807 1135 1840 et
1153 1813 1321 1855 gregem
1342 1812 1577 1859 porcorum
1601 1795 1647 1841 in

272 1884 390 1914 mare
408 1867 727 1930 praecipitavit,
759 1877 800 1912 et
817 1867 899 1930 ipsi
917 1866 1105 1911 Domino
1124 1866 1420 1929 praecipitium
1441 1866 1495 1911 de
1512 1866 1648 1929 pinna

273 1938 425 2001 templi
452 1937 607 1983 audaci
639 1938 983 2001 praesumptione
1007 1937 1223 1996 suggessit.
1262 1937 1470 1992 Quamvis
1501 1937 1647 2001 itaque
1681 1975 1685 1977 -

273 2008 448 2054 diversis
484 2007 623 2053 modis
644 2008 932 2054 voluntariam
957 2024 1033 2054 vos
1058 2006 1341 2070 praecipitetis
1365 2007 1411 2051 in
1434 2017 1616 2052 mortem
1632 2043 1642 2062 ‚

274 2090 416 2125 tamen
437 2078 629 2138 ejusdem
657 2078 822 2124 diaboli
851 2078 1062 2123 instinctu
1082 2094 1156 2124 vos
1179 2078 1294 2140 ipsos
1324 2077 1522 2123 necando
1546 2077 1648 2122 imi-

272 2150 425 2196 tamini
445 2149 711 2196 traditorem.
743 2149 874 2206 Quod
896 2150 975 2195 etsi
998 2166 1073 2195 vos
1096 2166 1183 2194 non
1203 2148 1321 2205 estis,
1339 2165 1489 2194 eorum
1503 2159 1648 2194 tamen

276 2222 351 2285 qui
382 2220 583 2274 fuerunt,
611 2231 653 2265 et
683 2220 870 2266 schisma
893 2221 1088 2266 fecerunt
1107 2258 1117 2276 ‚
1145 2220 1189 2265 in
1211 2237 1298 2284 quo
1318 2220 1502 2266 libenter
1525 2220 1644 2273 estis,

273 2293 403 2338 etiam
428 2291 516 2337 hoc
538 2291 583 2336 in
600 2291 724 2338 vobis
746 2291 885 2337 facere
901 2329 911 2349 ‚
939 2291 1059 2355 quod
1078 2292 1123 2337 in
1148 2309 1190 2337 se
1212 2291 1394 2337 traditor
1415 2290 1546 2347 fecit,
1568 2308 1647 2337 ne-

274 2363 408 2408 fando
429 2361 674 2422 magisterio
696 2361 922 2409 didicistis.
950 2364 1061 2408 Ecce
1079 2379 1178 2408 cum
1193 2361 1456 2426 qilajustitia
1481 2361 1648 2407 stabitis

275 2434 478 2481 adversus
497 2450 594 2490 eos,
621 2434 698 2497 qui
721 2451 798 2482 vos
826 2435 1181 2494 angustiaverunt
1203 2451 1213 2480 ε
1238 2444 1288 2481 ut
1303 2433 1338 2480 si
1358 2443 1510 2481 vestrae
1529 2449 1648 2479 mor·-

318 2519 330 2542 1
345 2521 443 2550 Rom.
458 2528 500 2560 11,
528 2528 556 2549 1.
576 2535 620 2543 -
638 2515 653 2539 2
669 2515 783 2551 Mauh.
802 2529 901 2559 xxv-11,
922 2519 953 2551 5.
