1763 2838
236 188 292 220 DE
330 189 506 221 NATURA
542 188 595 220 ET
630 187 811 229 GRATIA,
851 188 1029 221 CONTRA
1065 187 1305 220 PELAGmM.
1392 172 1485 239 507

172 255 357 301 XXXII.
384 254 482 300 Non
496 253 644 318 itaque
668 254 831 300 dicitur
848 254 1017 300 homini
1037 292 1049 310 ,
1071 276 1092 296 c<
1113 255 1293 301 Necesse
1309 265 1371 301 est
1383 273 1485 319 pec-

109 341 224 381 care,
247 342 300 371 ne
317 341 496 388 pecces:
518 347 537 367 ›>
559 325 631 371 sed
648 325 1007 380 diciturhomini,
1032 325 1199 371 Deserit
1217 325 1487 390 aliquantum

110 397 224 442 Deus
245 396 361 442 unde
384 397 601 461 superbis,
631 408 679 442 ut
696 396 803 442 scias
824 414 910 442 non
930 407 1052 442 tuum
1070 434 1081 454 ,
1108 396 1181 442 sed
1205 400 1296 457 ejus
1321 414 1424 454 esse,
1449 408 1489 443 et

108 465 248 512 discas
263 468 477 531 superbus
491 477 578 513 non
603 485 702 514 esse.
733 469 767 512 Ν
776 485 841 512 am
865 466 974 512 illud
995 468 1125 513 etiam
1149 468 1343 531 Apostoli
1361 467 1489 532 quale

109 548 170 583 est
189 575 199 594 ‚
220 555 364 584 nonne
390 539 449 584 ita
472 538 671 584 mirabile
688 576 698 595 ,
732 549 780 584 ut
800 537 880 585 nisi
899 538 1002 601 quia
1028 538 1120 602 ipse
1144 537 1268 595 dicit,
1290 539 1361 585 cui
1390 556 1489 585 vera

109 607 273 654 dicenti
298 609 595 655 contradicere
626 609 743 655 nefas
772 619 862 666 est,
904 626 992 654 non
1028 609 1083 655 sit
1111 609 1350 656 credibile?
1382 610 1492 667 Quis

107 679 221 725 enim
246 681 407 727 nesciat
432 681 647 735 fidelium,
678 699 700 727 a
727 681 885 726 Satana
916 680 1079 726 venisse
1103 682 1290 743 primam
1313 680 1491 744 'peccati

109 750 370 808 suasionem,
404 763 444 797 et
468 752 592 815 quod
617 752 687 798 ille
706 751 874 815 primus
899 761 1052 796 auctor
1076 751 1129 796 sit
1156 752 1351 796 omnium
1381 768 1490 814 pec-

109 830 307 867 catorum
325 821 379 868 1?
403 823 457 867 Et
478 833 621 867 tamen
650 821 829 886 quidam
853 821 1088 868 traduntur
1110 821 1300 877 Satanae,
1331 831 1379 866 ut
1406 820 1491 867 dis-

109 902 210 937 cant
231 909 318 937 non
342 891 713 956 blasphemarem
749 891 985 948 Quomodo
1009 892 1141 952 igitur
1172 909 1282 955 opus
1318 891 1491 936 Satanae

109 961 354 1007 excluditur
373 980 503 1026 opere
530 963 737 1009 Satanae?
765 963 871 1007 Haec
900 973 1028 1026 atque
1048 962 1305 1022 hujusmodi
1325 962 1493 1008 intuea-

112 1041 197 1088 tur,
219 1049 271 1077 ne
294 1032 526 1078 videantur
545 1033 582 1078 ei
604 1032 732 1078 nimis
753 1043 895 1087 acuta,
915 1050 1014 1096 quae
1039 1032 1212 1078 acutule
1237 1043 1419 1088 sonant,
1447 1042 1490 1077 01

109 1102 300 1149 discussa
324 1105 606 1150 inveniuntur
630 1105 800 1151 obtusa.
837 1105 955 1160 Quid
983 1104 1100 1168 quod
1125 1105 1254 1150 etiam
1281 1103 1490 1149 similitu-

110 1174 229 1219 dines
263 1174 474 1231 adhibet,
510 1176 673 1239 quibus
697 1175 831 1235 magis
865 1175 1094 1220 admoneat
1117 1175 1224 1238 quid
1259 1175 1297 1220 ei
1337 1174 1493 1219 debeat

110 1245 392 1308 responderi?
421 1268 439 1287 «
462 1247 581 1303 Quid
601 1246 790 1309 amplius
809 1246 953 1291 dicam
969 1282 979 1302 ,
1009 1246 1169 1309 inquit,
1192 1246 1272 1291 nisi
1286 1245 1389 1308 quia
1406 1259 1494 1307 po-

111 1325 191 1361 test
213 1316 331 1361 credi
363 1316 485 1380 quod
512 1321 630 1377 ignes
650 1317 826 1376 ignibus
861 1317 1190 1377 extinguuntur,
1217 1317 1249 1362 si
1271 1315 1388 1361 credi
1409 1332 1493 1378 po-

111 1396 194 1432 test
219 1387 338 1450 quod
365 1389 556 1451 peccatis
582 1399 761 1451 peecata
779 1391 1021 1433 curentur?
1049 1409 1068 1428 »
1087 1387 1206 1444 Quid
1231 1387 1264 1431 si
1288 1387 1403 1446 ignes
1421 1403 1495 1431 ex-

112 1457 305 1516 tinguere
328 1458 558 1520 quisquam
589 1475 675 1503 non
709 1468 850 1521 potest
873 1458 1071 1517 ignibus,
1114 1457 1187 1502 sed
1212 1467 1356 1502 tamen
1391 1472 1496 1519 pos-

112 1538 232 1584 sunt,
260 1538 306 1573 ut
331 1528 478 1583 docui,
499 1528 670 1574 dolores
690 1529 833 1573 curari
857 1528 1118 1574 doloribus?
1138 1530 1324 1574 Possunt
1342 1527 1490 1582 etiam,

113 1598 149 1643 si
169 1609 340 1662 quaerat
365 1609 406 1644 et
446 1598 585 1643 diseat
603 1636 613 1654 ,
650 1599 822 1644 venenis
850 1616 1011 1644 venena
1049 1598 1222 1661 depelli.
1259 1599 1370 1643 Nam
1395 1597 1427 1642 si
1453 1606 1495 1641 et

113 1669 297 1714 advertit
324 1669 560 1733 aliquando
585 1670 747 1715 calores
766 1668 956 1715 febrium
976 1669 1243 1733 quibusdam
1274 1667 1495 1714 caloribus

110 1739 445 1785 medicinalibus
464 1740 623 1801 frangi,
647 1741 775 1786 etiam
799 1740 917 1800 ignes
941 1740 1117 1801 ignibus
1140 1740 1317 1786 fortasse
1335 1754 1497 1784 conce-

117 1809 191 1855 det
212 1810 416 1869 extingui.

179 1881 391 1927 XXXIII.
418 1902 438 1922 α
464 1881 669 1937 Quonam
697 1881 828 1927 inodo
851 1919 860 1935 ,
889 1881 1051 1945 inquit,
1082 1881 1331 1944 superbiam
1357 1880 1497 1944 ipsam

116 1969 138 1997 a
169 1962 349 2014 peccato
369 1952 698 2016 separabimus.3
724 1974 742 1993 ›>
762 1952 881 2008 Quid
896 1953 1009 1997 enim
1024 1952 1111 1997 11οο
1132 1962 1268 2010 urget,
1288 1967 1391 1996 cum
1411 1968 1499 1996 ma-

115 2022 315 2066 nifestum
342 2023 394 2066 sit
418 2022 546 2066 etiam
572 2022 710 2084 ipsam
735 2039 820 2067 esse
843 2033 1072 2085 peceatum
1093 2025 1111 2066 Ῥ
1133 2044 1151 2063 <‹
1174 2023 1283 2067 Tam
1299 2036 1497 2084 peccare,

114 2090 258 2154 inquit
278 2129 287 2146 ,
326 2091 551 2154 superbire
586 2103 648 2136 est
671 2129 680 2147 ,
711 2109 842 2154 quani
884 2092 1107 2155 superbire
1146 2108 1343 2155 peccare.
1388 2092 1500 2136 Nam

114 2177 262 2224 quaere
299 2161 405 2223 quid
431 2162 482 2206 sit
507 2161 817 2225 quodcumque
843 2173 1098 2225 peecatum,
1123 2172 1163 2207 et
1191 2161 1289 2207 vide
1323 2162 1355 2207 si
1379 2163 1501 2207 inve-¹

113 2232 202 2276 11105
223 2231 403 2294 aliquod
419 2232 507 2276 siue
527 2232 749 2294 superbia:
770 2233 1061 2295 appellatione
1078 2242 1322 2295 peceatum.
1342 2254 1361 2273 ))
1377 2232 1503 2277 Hanc

119 2312 261 2346 auten]
288 2303 541 2347 sententiam
571 2303 629 2347 sic
654 2303 915 2365 exsequitur,
937 2314 977 2348 et
998 2304 1057 2349 510
1076 2303 1264 2366 probare
1288 2312 1498 2347 conatur:

117 2391 137 2413 «
151 2372 309 2427 Omne,
328 2372 485 2435 inquit.
505 2383 749 2435 peccatum,
767 2373 849 2419 nisi
871 2374 1009 2429 fallor,
1026 2374 1099 2419 Dei
1113 2383 1388 2436 contemptus
1404 2384 1463 2420 est
1488 2391 1498 2418 :

118 2442 310 2487 0101111115
338 2443 416 2487 Dei
433 2454 708 2506 contemptus
732 2445 935 2506 superbia
950 2456 1025 2491 est.
1052 2443 1171 2501 Quid
1189 2443 1300 2489 enim
1317 2455 1404 2489 tani
1429 2460 1504 2490 su-

169 2526 278 2557 10011.
296 2537 349 2559 111,
378 2537 403 2557 1.
423 2544 464 2549 —
481 2525 495 2548 ²
518 2538 528 2557 1
549 2526 633 2559 11111,
665 2538 691 2567 1,
712 2538 762 2557 ⁴20.
