1763 2838
283 208 373 270 542
701 224 735 254 s,
778 220 1021 254 Anousrnu
1057 222 1261 256 muscum

278 291 451 357 peccati
493 289 708 335 resistente
724 288 806 348 legi
827 289 998 343 mentis,
1024 287 1156 333 ducat
1174 288 1501 335 mundissimam
1516 287 1649 334 vitam

281 364 326 409 in
354 361 593 408 aeternitate
627 359 788 404 divina.
816 359 979 402 Tamen
1003 358 1196 403 attendat
1235 359 1311 404 iste
1345 359 1452 422 quid
1494 375 1650 404 secun-

282 432 389 478 dum
425 431 671 493 Scripturas
697 424 948 474 Ambrosius
968 428 1198 491 episcopus
1223 428 1373 473 dixerit
1396 446 1406 473 ι
1432 450 1452 470 α
1480 430 1565 474 [Nec
1594 428 1650 473 ab

280 502 446 547 »initio
472 498 766 553 immaculata,
792 498 995 542 humanae
1023 499 1136 542 enim
1165 498 1251 543 hoc
1275 497 1541 561 impossibile
1569 511 1650 542 na-

280 592 303 614 »
326 582 436 616 turae
459 591 479 612 n
506 570 663 632 Utique
687 568 801 613 enim
824 569 878 612 al)
899 568 1021 612 initio
1046 568 1176 624 dicit,
1204 585 1292 631 quo
1311 574 1358 613 ex
1382 567 1518 613 Adam
1557 584 1650 611 nas-

280 642 435 688 cimur.
476 641 586 684 Nam
615 650 654 684 et
678 639 766 701 ipse
805 638 940 683 Adam
982 637 1286 683 immaculatus
1326 637 1482 700 procul
1513 636 1650 681 dubio

278 711 420 757 factus
443 722 502 756 est
524 729 534 754 :
559 709 630 754 sed
650 711 693 754 in
714 710 858 771 eisqui
878 719 1140 753 suntnatura
1162 708 1238 753 lilii
1261 710 1353 763 irae,
1377 708 1582 752 ducentes
1605 724 1652 751 ex

280 782 354 827 illo
377 782 496 844 quod
518 782 713 827 vitiatum
731 781 854 823 estin
880 779 973 835 illo,
1003 781 1058 824 ab
1076 780 1199 824 initio
1224 797 1308 825 esse
1332 778 1647 833 immaculatos,

281 852 487 896 humanae
510 861 677 895 naturae
694 848 960 910 impossibile
984 849 1192 896 definivit.

345 921 543 967 LXXVI.
592 923 698 965 Item
734 923 917 963 Joanncs
945 920 1451 982 Constantitiopolitanus
1481 917 1653 980 episeo-

279 1009 380 1056 pus,
407 995 531 1051 cujus
553 991 701 1054 posuit
730 989 982 1034 sententiam
1009 1007 1019 1033 :
1043 1011 1063 1030 «
1086 990 1193 1035 dicit
1216 999 1443 1052 peecatum
1464 1005 1549 1033 non
1567 1003 1653 1033 esse

283 1084 305 1104 »
329 1061 633 1115 substantiam,
657 1059 729 1105 sed
750 1069 895 1104 actum
925 1059 1162 1118 malignum
1191 1077 1202 1103 z
1228 1081 1247 1100 υ
1266 1060 1363 1123 quis
1390 1059 1477 1104 hoe
1498 1060 1650 1117 nogat?

280 1153 302 1174 ›>
321 1133 376 1177 Et
399 1132 501 1194 quia
526 1149 614 1176 non
636 1139 696 1175 est
720 1129 929 1183 naturale,
966 1129 1062 1174 ideo
1088 1139 1238 1175 contra
1274 1129 1385 1174 illud
1424 1129 1558 1188 legem
1579 1126 1653 1173 da-

284 1223 304 1243 n
328 1212 435 1257 tam,
453 1212 493 1247 et
512 1201 632 1264 quod
649 1200 700 1244 de
714 1199 882 1244 arbitrii
900 1199 1103 1244 libertate
1121 1200 1365 1245 descendit:
1384 1219 1404 1241 »
1422 1199 1548 1244 etiam
1567 1198 1653 1242 hoc

281 1271 377 1334 quis
398 1275 553 1331 negat?
579 1270 662 1315 Sed
688 1286 806 1314 nunc
832 1269 973 1328 agitur
993 1269 1045 1314 de
1072 1270 1263 1314 humana
1286 1280 1438 1314 natura
1462 1285 1560 1331 quae
1582 1266 1652 1313 vi-

282 1341 386 1384 tiata
413 1350 496 1392 est3
529 1340 671 1398 agitur
695 1346 736 1382 et
759 1337 812 1382 de
835 1338 970 1396 gratia
998 1338 1078 1382 Dei
1109 1355 1195 1401 qua
1220 1348 1394 1383 sanatur
1411 1355 1490 1401 per
1512 1336 1654 1382 medi-

278 1426 379 1455 cum
404 1410 646 1465 Christum,
671 1425 760 1471 quo
785 1424 872 1452 non
895 1407 1104 1466 indigeret
1129 1409 1161 1453 si
1188 1426 1287 1454 sana
1307 1418 1436 1464 esset,
1469 1423 1569 1471 quae
1597 1406 1652 1452 ab

278 1479 359 1524 isto
382 1490 589 1543 tanquam
608 1496 725 1534 sana,
738 1478 806 1523 vel
826 1487 1034 1540 tanquam
1050 1479 1132 1523 sibi
1148 1478 1405 1524 sufficientes
1422 1477 1653 1525 voluntatis

281 1551 475 1605 arbitrio,
500 1567 623 1613 posse
654 1567 741 1594 non
766 1565 946 1611 peccare
970 1548 1228 1596 defenditur.

344 1621 566 1667 LXXVII.
589 1620 697 1676 Quis
710 1620 811 1664 item
830 1618 1306 1679 Christianusignorat,
1325 1619 1441 1681 quod
1453 1617 1650 1664 beatissi-

278 1706 397 1735 mum
410 1691 580 1735 Xistum
593 1692 802 1734 Romame
817 1687 1020 1732 Ecclesiae
1032 1690 1284 1751 episcopum
1299 1699 1339 1734 et
1354 1688 1529 1733 Domini
1542 1703 1651 1732 mar-

278 1769 417 1821 tyrem
434 1760 534 1822 (23)
549 1760 697 1804 dixisse
710 1769 1044 1803 commemorat:
1064 1781 1081 1798 «
1099 1759 1466 1814 Quialiliertatem
1485 1758 1653 1803 arbitrii

279 1849 300 1869 >³
324 1829 389 1874 sui
414 1829 609 1892 permisit
646 1827 901 1872 hominibus
929 1827 1068 1882 Deus,
1096 1837 1143 1872 ut
1169 1845 1276 1890 pure
1299 1838 1339 1872 et
1365 1829 1452 1872 sine
1471 1836 1651 1889 peccato

280 1920 301 1939 >³
321 1899 511 1945 viventes
556 1898 713 1943 similes
752 1898 860 1942 fiant
884 1897 989 1941 Deo.
1023 1918 1042 1937 ›>
1067 1897 1151 1942 Sed
1172 1898 1225 1942 ad
1251 1898 1393 1960 ipsum
1420 1898 1650 1942 arbitrium

276 1970 462 2031 pertinet
492 1978 717 2014 vocantem
755 1967 904 2012 audire
944 1976 984 2011 et
1005 1967 1177 2013 credere
1193 2005 1203 2023 ‚
1236 1978 1277 2012 et
1302 1968 1355 2012 ab
1379 1984 1427 2013 eo
1451 1968 1495 2012 in
1521 1983 1651 2031 quem

276 2037 415 2084 credit
439 2056 526 2083 non
551 2037 764 2102 peccandi
796 2036 1065 2095 adjutorium
1095 2037 1327 2100 postulare.
1371 2037 1480 2082 Nam
1501 2038 1651 2099 utique

277 2125 377 2154 cum
398 2108 505 2153 dicit
532 2126 542 2153 :
567 2130 586 2149 α
609 2107 776 2153 Similes
800 2108 907 2151 fiant
926 2108 1040 2151 Deo:
1061 2128 1081 2149 >³
1104 2125 1180 2169 per
1196 2107 1452 2152 charitatem
1474 2107 1555 2150 Dei
1575 2108 1650 2151 fu-

279 2179 365 2224 turi
390 2190 490 2224 sunt
512 2179 667 2224 similes
692 2180 781 2223 Deo
800 2214 810 2232 ‚
839 2194 938 2239 quae
964 2177 1117 2222 diffusa
1143 2188 1203 2222 est
1225 2178 1266 2222 in
1301 2177 1507 2222 cordibus
1545 2194 1648 2222 nos-

278 2249 353 2293 tris
375 2248 412 2304 4,
444 2266 531 2293 non
554 2259 722 2294 naturae
741 2247 1046 2309 possibilitate,
1067 2265 1145 2292 nec
1164 2248 1303 2292 libero
1330 2247 1509 2292 arbitrio
1529 2247 1648 2310 quod

278 2328 338 2362 est
365 2318 408 2362 in
428 2319 572 2371 nobis,
603 2318 672 2362 sed
693 2334 769 2380 per
790 2316 1001 2379 Spiritum
1028 2328 1224 2362 sanetum
1246 2318 1320 2379 qui
1335 2317 1459 2362 datus
1481 2327 1541 2361 est
1565 2334 1647 2362 no-

275 2386 356 2433 bis.
390 2388 443 2431 Et
465 2387 584 2449 quod
599 2387 706 2432 dicit
725 2386 839 2431 idem
859 2388 1051 2449 Martyr:
1072 2408 1091 2427 «
1114 2387 1343 2449 Templum
1369 2396 1565 2431 sanctum
1586 2396 1647 2432 est

275 2457 402 2502 »Deo
419 2474 537 2502 mens
563 2474 693 2520 pura,
720 2467 763 2502 et
786 2456 917 2502 altare
941 2458 1158 2519 optimum
1184 2468 1245 2503 est
1280 2457 1317 2502 ei
1337 2473 1411 2502 cor
1432 2456 1643 2502 mundum

323 2535 334 2558 ¹
353 2538 448 2567 Rom.
469 2547 499 2575 v,
521 2536 555 2569 5.
