1763 2838
306 124 397 178 348
726 139 760 167 5.
805 138 1048 168 AUGUSTINI
1085 137 1288 169 EPlSCOPI

305 226 325 246 >³
351 205 487 249 Nemo
508 219 585 248 nec
605 203 637 247 si
664 203 788 247 unius
809 202 891 247 diei
926 202 1055 248 suerit
1080 204 1166 248 vita
1192 201 1310 262 ejusl
1336 220 1346 246 :
1373 223 1392 241 »
1413 200 1498 246 hoc
1527 200 1677 263 utique

304 274 441 318 dicit:
466 274 624 317 Curam
654 273 842 317 hominis
870 273 1011 317 brevis
1037 274 1138 318 vitae
1165 272 1301 317 fecisti
1325 273 1468 318 venire
1499 271 1542 315 in
1560 270 1678 330 J'udi-

308 344 424 388 cium
464 355 602 388 tuum.
632 342 968 397 Quantumlibet
997 343 1109 387 enim
1139 343 1282 388 brevis
1302 342 1431 386 suerit
1451 341 1539 385 vita
1557 344 1645 399 ejus
1663 376 1674 396 ,

306 413 472 458 etiamsi
509 415 636 457 unius
665 411 749 456 diei
779 423 911 467 esset,
954 412 1143 457 mundus
1180 431 1200 457 a
1233 411 1433 456 sordibus
1466 428 1550 455 csse
1592 425 1679 454 non

308 492 480 544 posset,
507 492 549 526 et
567 481 662 526 idco
681 482 914 540 justissime
932 482 1205 541 injudicium
1234 491 1356 526 tuum
1377 480 1529 525 veniet.
1564 478 1680 523 lllud

309 567 410 596 vero
429 550 547 614 quod
572 552 629 596 ait
648 569 657 595 :
677 572 695 591 «
716 551 1008 596 Dinumerasti
1026 568 1172 596 omnes
1192 549 1522 596 necessitudines
1539 565 1651 593 meas
1665 584 1677 603 ,

309 640 331 662 1ο
355 630 396 665 et
420 620 532 665 nihil
558 632 597 665 te
620 621 747 666 latuit
769 621 822 666 de
842 621 1030 683 peccatis
1050 621 1152 666 meis
1175 638 1185 666 ε
1207 621 1380 680 signasti
1396 629 1572 682 peccata
1588 635 1683 663 mea

312 712 333 732 »
353 691 398 735 in
422 690 617 736 folliculo
640 729 649 746 ,
684 702 725 735 ct
752 692 965 737 annotasti
997 692 1029 736 si
1054 691 1160 754 quid
1194 690 1356 736 invitus
1391 689 1586 735 commisi
1618 706 1629 733 ε
1662 708 1681 730 ›³

310 777 452 805 nonne
479 762 578 805 satis
603 762 809 824 apparuit
841 762 968 806 etiam
994 762 1064 807 illa
1090 773 1268 824 peccata
1299 766 1414 820 juste
1446 759 1680 822 imputari,

310 846 411 892 quae
436 847 523 874 non
547 830 844 876 delectationis
868 831 1069 876 illecebra
1088 832 1438 880 committuntur.
1465 829 1536 875 scd
1556 845 1685 874 causa

311 898 556 944 devitandae
588 900 794 946 molestiae
819 901 1028 959 alicujus,
1067 912 1140 946 aut
1175 901 1364 957 doloris,
1399 911 1471 946 aut
1507 899 1684 945 mortis?

313 969 422 1013 Nam
451 979 492 1014 et
516 969 613 1015 haec
632 970 840 1016 dicuntur
857 971 1045 1034 quadam
1066 973 1312 1016 necessitate
1326 970 1560 1025 committi,
1584 986 1685 1015 cum

314 1038 459 1085 omnia
487 1041 732 1103 superanda
751 1041 837 1086 sint
862 1058 1005 1086 amore
1026 1051 1067 1086 et
1087 1040 1569 1100 delectationejustitiae.
1599 1041 1687 1084 Po-

313 1119 392 1154 test
409 1111 537 1154 etiam
559 1110 677 1172 quod
698 1111 804 1156 dixit
828 1129 839 1156 ι
867 1133 886 1152 α
912 1113 965 1156 Et
985 1113 1197 1156 annotasti
1215 1112 1247 1157 si
1265 1111 1370 1175 quid
1389 1111 1550 1156 invitus
1573 1126 1690 1155 com-

317 1200 336 1220 »
361 1180 455 1225 misi
478 1216 488 1235 ,
512 1201 530 1221 »
549 1180 603 1224 ad
620 1181 738 1226 illam
756 1198 903 1227 vocem
918 1182 1053 1226 videri
1069 1183 1300 1245 pertinere,
1317 1199 1403 1245 qua
1419 1181 1585 1227 (lictum
1599 1190 1685 1226 est:

315 1270 334 1290 α
362 1250 460 1294 Non
478 1250 591 1295 enim
611 1251 730 1314 quod
751 1251 848 1297 volo
869 1269 946 1311 ago
963 1290 972 1307 ,
995 1251 1065 1297 sed
1085 1252 1203 1315 quod
1224 1253 1296 1298 odi
1317 1253 1402 1298 hoc
1421 1251 1577 1298 faci02.
1603 1272 1623 1293 >2

379 1321 497 1367 XVI.
542 1322 662 1378 Quid
689 1323 807 1385 quod
839 1323 930 1385 ipse
966 1324 1208 1380 Dominus,
1242 1324 1319 1386 qui
1343 1324 1379 1369 ei
1407 1323 1692 1386 perhibuerat

317 1393 607 1438 testimonium
624 1430 634 1449 ,
663 1411 761 1439 cum
789 1395 917 1440 etiam
946 1397 1198 1459 Scriptura,
1222 1397 1308 1441 hoc
1339 1406 1424 1453 est,
1444 1396 1524 1441 Dei
1549 1395 1691 1458 Spiri-

321 1473 388 1508 tus
409 1462 561 1508 dixerit
582 1481 592 1508 :
618 1485 635 1504 α
655 1465 705 1509 111
729 1466 932 1510 omnibus
960 1483 1060 1528 quae
1085 1466 1360 1526 contigerunt
1379 1466 1415 1511 ei
1434 1503 1444 1522 ‚
1471 1482 1559 1511 non
1592 1482 1690 1511 eum

315 1553 334 1572 »ε
360 1549 556 1594 peccasse
579 1533 709 1578 labiis
746 1535 830 1580 suis
854 1545 952 1580 ante
990 1536 1287 1590 Dominum&
1314 1558 1334 1578 ))
1363 1538 1516 1582 Postea
1549 1547 1692 1581 tamen

315 1618 417 1647 cum
442 1603 479 1647 ei
505 1603 768 1666 loqueretur,
789 1605 1019 1669 increpans
1041 1606 1213 1651 locutus
1242 1618 1326 1662 est,
1355 1607 1467 1652 sicut
1489 1608 1580 1669 ipse
1605 1606 1692 1651 Job

320 1672 435 1717 testis
459 1682 519 1717 est
545 1673 694 1719 dicens
716 1692 726 1719 z
754 1695 775 1716 α
800 1676 918 1731 Quid
939 1675 1085 1721 adhuc
1109 1694 1185 1736 ego
1204 1677 1379 1736 judicor
1407 1678 1596 1722 monitus
1615 1713 1626 1731 ‚
1652 1686 1695 1722 et

316 1762 336 1781 »
361 1741 676 1804 increpationes
705 1745 882 1789 Domini
911 1745 1150 1792 audiens‘29
1180 1768 1199 1787 »
1232 1747 1369 1792 Nemo
1408 1758 1549 1792 autem
1580 1751 1695 1806 juste

315 1812 587 1873 increpatur,
607 1813 689 1858 nisi
708 1814 750 1858 in
770 1831 858 1876 quo
881 1826 942 1859 est
973 1816 1138 1878 aliquid
1175 1817 1294 1880 quod
1316 1817 1612 1879 increpatione
1641 1816 1695 1861 sit

321 1881 517 1939 dignum.
557 1883 611 1927 Et
636 1884 727 1946 ipsa
753 1884 991 1947 increpatio
1027 1887 1165 1949 qualis
1188 1898 1274 1942 est,
1313 1905 1413 1950 quae
1445 1905 1491 1932 ex
1515 1886 1695 1932 Domini

322 1950 487 1996 Christi
509 1970 693 2014 persona
719 1954 1002 2016 intelligitur?
1031 1957 1266 2003 Enumerat
1298 1958 1358 2003 illi
1389 1958 1533 2003 divina
1565 1975 1696 2020 opera

316 2022 537 2084 potestatis
575 2041 664 2069 suae
701 2026 784 2070 sub
809 2026 892 2071 hac
929 2028 1138 2073 sententia
1158 2029 1412 2091 increpans,
1442 2039 1490 2074 ut
1508 2045 1606 2073 eum
1625 2027 1696 2073 di-

319 2108 413 2136 cere
434 2106 670 2155 appareat:
696 2096 920 2159 Numquid
945 2108 1068 2160 potes
1097 2099 1195 2144 11κο
1224 2109 1342 2144 tanta
1364 2115 1463 2161 quae
1488 2100 1694 2161 possum?

328 2160 428 2216 Quo
451 2172 591 2207 autem
608 2166 791 2226 pertinet
810 2203 819 2220 ,
850 2167 927 2212 nisi
949 2178 996 2212 ut
1012 2168 1221 2227 intelligat
1240 2168 1352 2224 Job,
1384 2168 1537 2231 (etiam
1554 2168 1639 2212 hoc
1658 2167 1695 2212 ei

325 2230 533 2276 divinitus
557 2233 838 2296 inspiratum,
875 2248 923 2281 ut
946 2238 1167 2299 praesciret
1199 2239 1422 2284 Christum
1454 2237 1504 2283 ad
1535 2237 1698 2300 passio-

328 2316 426 2344 nem
452 2318 537 2347 esse
567 2315 797 2351 venturum
815 2310 857 2366 ,)
885 2307 1095 2366 intelligat
1117 2325 1215 2367 crgo
1241 2325 1370 2371 quam
1409 2307 1538 2353 dehet
1570 2322 1697 2368 aequo

367 2399 467 2429 ¹J⁰l)·
485 2411 550 2438 ῊΨ,
576 2413 584 2431 ¹
613 2410 628 2438 4
657 2422 698 2427 —
723 2404 846 2437 '²Rom.
869 2407 1002 2445 x11,15.
1028 2424 1066 2430 -—
1088 2405 1101 2428 ³
1120 2406 1195 2440 Job,
1224 2417 1391 2444 1,22.—-
1414 2403 1491 2436 ἰ111.
1514 2415 1625 2442 xxxix,
1645 2405 1697 2440 33,

320 2453 411 2494 juxta
430 2462 505 2486 Lxx.
