1763 2838
233 162 320 212 166
649 175 684 204 S.
727 173 970 205 Aueusrim
1005 175 1209 207 EP1scoP1

224 255 385 297 noster,
411 241 488 305 qui
510 239 727 286 adductus
749 250 811 285 est
832 239 886 284 ad
908 244 1010 286 nos?
1037 241 1137 303 Ipsa
1160 252 1221 286 est
1241 245 1482 305 persecutio
1501 245 1598 306 glo-⁴

225 315 407 362 riosior:
434 312 487 357 de
505 311 579 357 illa
603 328 777 373 prorsus
797 311 1016 373 profiteor.
1045 312 1354 374 Reprehendat
1378 317 1453 379 qui
1478 316 1595 371 vult,

225 388 352 434 talem·
384 382 726 449 persecutionem
766 382 988 444 profiteor.
1040 383 1258 429 Psalmum
1298 386 1390 446 lego
1419 405 1429 432 :
1463 409 1483 429 «
1513 389 1601 433 De-

225 481 248 502 »
272 458 516 504 trahentem
537 453 733 516 proximo
753 470 830 498 suo
855 453 1023 498 occulte
1039 490 1049 509 ‚
1078 454 1198 500 hunc
1219 457 1553 520 persequebarl.
1580 479 1601 500 »

225 530 271 576 Si
304 538 417 574 recte
452 541 687 588 persequor
723 524 891 569 occulte
937 524 1129 585 proximo
1159 526 1480 581 detrahentem,
1514 545 1602 574 non

225 600 384 646 rectius
400 612 636 661 persequor
654 594 731 639 Dei
751 594 985 640 Ecclesiam
1003 595 1181 657 publice
1198 597 1573 660 blasphemantem
1586 635 1598 655 ‚

227 669 406 736 quando
428 667 537 713 dicit
561 683 571 711 z
602 688 621 707 «
645 667 743 710 Non
767 676 827 710 est
853 666 945 728 ipsa
972 683 981 710 :
1005 667 1215 728 »quando
1236 667 1343 713 dicit
1367 687 1378 714 ι
1407 690 1425 709 «
1447 671 1603 714 Nostra

227 753 290 789 est
313 756 412 804 quae
430 739 474 783 in
493 747 614 801 parte
633 748 694 781 est
715 754 724 780 :
746 758 766 777 »
784 736 960 799 quando
981 736 1089 781 dicit
1108 753 1118 781 ε
1137 760 1154 777 «
1172 738 1250 783 Illa
1265 740 1461 785 meretrix
1480 743 1603 785 esth·

230 815 346 872 Ergo
370 798 748 870 blasphemantem
791 802 1026 851 Ecclesiam
1055 825 1141 852 non
1167 813 1427 873 persequar?
1455 812 1607 856 Perse-

229 896 340 946 quar
375 879 529 943 plane,
558 876 659 939 quia
695 877 937 921 membrum
970 894 1062 922 sum
1097 878 1301 924 Ecclesiae
1332 897 1342 924 :
1375 897 1607 943 persequar

228 954 385 1018 plane,
429 948 532 1012 quia
567 946 681 992 filius
707 964 800 991 sum
829 947 1046 994 Ecclesiae.
1087 949 1227 1011 Ipsius
1261 967 1366 995 voce
1404 951 1607 996 Ecclesiae

230 1035 346 1078 utor,
370 1023 465 1084 ipsa
489 1017 680 1064 Ecclesia
708 1035 785 1081 per
805 1034 872 1062 me
899 1017 1007 1063 dicit
1030 1018 1075 1063 in
1103 1020 1274 1064 Psalmo
1297 1038 1308 1065 x
1330 1041 1350 1061 «
1372 1023 1609 1083 Persequar

232 1117 254 1137 >³
277 1093 479 1141 inimicos
502 1104 619 1135 meos
633 1126 643 1143 ‚
669 1099 709 1132 et
728 1088 1100 1151 comprehendam
1124 1089 1219 1135 illos
1234 1127 1244 1145 ‚
1265 1101 1306 1135 et
1327 1109 1413 1136 non
1433 1108 1609 1137 conver-

231 1189 254 1210 »
276 1176 342 1211 tar
366 1163 505 1208 donec
532 1159 785 1206 deficiant2.
808 1182 826 1200 n
866 1160 1082 1205 Deficiant
1121 1161 1164 1205 in
1203 1162 1316 1207 malo
1335 1199 1345 1216 ‚
1375 1163 1609 1225 proficiant

232 1239 276 1284 in
298 1237 479 1281 bonum.
513 1232 681 1275 Fratres
701 1268 711 1285 ‚
735 1248 787 1275 ne
801 1231 961 1293 putetis
978 1230 1142 1293 aliquid
1166 1249 1327 1277 novum
1348 1233 1511 1278 factum
1525 1249 1610 1278 esse

231 1306 356 1354 fratri
382 1314 542 1350 nostro,
583 1303 688 1346 Pars
717 1301 874 1346 Donati
899 1301 1076 1364 quando
1100 1303 1368 1364 praevalebat
1395 1305 1610 1349 Constan-

234 1381 338 1426 tinae
356 1415 366 1432 ‚
393 1377 551 1422 laicum
576 1383 773 1418 nostrum
800 1373 1164 1419 catechumenum
1194 1385 1343 1421 natum
1371 1375 1424 1420 de
1451 1391 1611 1438 paren-

236 1450 355 1496 tibus
387 1444 651 1497 Catholicis,
686 1443 946 1488 Petilianum
975 1445 1130 1499 tenuit,
1164 1445 1249 1489 vim
1285 1444 1385 1490 fecit
1416 1446 1607 1500 nolenti,

235 1528 451 1568 scrutatus
474 1525 536 1560 est
558 1514 792 1573 fugientem
807 1550 816 1566 ‚
835 1514 999 1558 invenit
1013 1514 1210 1560 latent=m
1226 1552 1236 1565 ,
1257 1516 1431 1561 extraxit
1454 1532 1613 1579 paven-

235 1605 320 1638 tem
337 1627 348 1644 ‚
374 1585 615 1650 baptizavit
656 1595 904 1629 trementem
922 1622 931 1638 ‚
974 1586 1191 1631 ordinavit
1229 1587 1459 1634 nolentem.
1502 1588 1614 1632 Ecce

238 1660 410 1725 qualem
433 1656 677 1702 violentiam
694 1654 853 1700 fecitin
875 1667 1034 1703 nostro.
1058 1657 1226 1720 Rapuit
1243 1657 1315 1703 illa
1332 1658 1386 1703 ad
1406 1668 1608 1714 mortem,

238 1750 316 1779 nos
339 1747 425 1776 non
447 1728 657 1773 trahimus
680 1726 734 1771 ad
763 1727 974 1771 salutem?3

303 1802 382 1847 lx.
418 1799 528 1844 Haec
550 1797 720 1842 locutus
741 1813 834 1841 sum
863 1797 1077 1843 Charitati
1096 1810 1248 1845 vestrae
1263 1837 1272 1852 ,
1301 1811 1481 1864 propter
1503 1798 1615 1845 illud

238 1871 360 1938 quod.
377 1868 541 1916 dixistis
559 1885 570 1912 ι
589 1867 708 1912 «Aut
728 1866 802 1911 hic
817 1903 828 1921 ‚
849 1878 922 1913 aut
945 1885 1172 1931 nusquam.
1195 1891 1215 1912 »
1235 1870 1331 1915 Hoc
1350 1871 1462 1916 enirn
1476 1881 1518 1915 et
1539 1882 1615 1915 nos

240 1943 466 1995 volumus,
484 1949 533 1983 ut
550 1938 625 1983 hic
641 1974 651 1991 ‚
675 1937 773 1990 hic,
800 1936 872 1982 sed
891 1938 935 1982 in
955 1938 1118 1983 unitate
1135 1976 1145 1995 ,
1166 1940 1210 1985 in
1225 1957 1332 2003 pace
1353 1958 1363 1985 ε
1386 1940 1461 1985 hic
1475 1977 1485 1996 ‚
1508 1940 1582 1985 hic
1600 1974 1611 1995 ‚

241 2013 315 2061 sed
339 2014 383 2058 in
411 2008 635 2056 charitatis
660 2007 873 2054 societate.
910 2010 1035 2053 Tunc
1070 2009 1180 2055 bene
1206 2010 1294 2056 hic.
1328 2011 1436 2055 Nam
1464 2010 1614 2056 melius

240 2099 454 2146 nusquam
474 2096 605 2142 quam
629 2078 715 2124 hic.
744 2078 826 2122 Sed
852 2090 1027 2141 praestet
1056 2080 1263 2126 Dominus
1280 2118 1290 2135 ‚
1315 2092 1364 2126 ut
1378 2082 1452 2126 hic
1471 2081 1616 2144 potius

243 2172 374 2219 quam
400 2167 630 2213 nusquam.
667 2149 712 2193 Si
746 2166 830 2193 non
859 2150 955 2199 hic„
982 2150 1093 2194 absit
1122 2162 1167 2195 ut
1193 2169 1278 2195 non
1305 2152 1435 2204 alibi,
1466 2152 1611 2196 absit:

243 2227 342 2280 hic,
370 2233 444 2268 aut
481 2221 600 2266 alibi.
650 2220 677 2262 A
689 2219 863 2269 udistis„
905 2220 1084 2265 audivit.
1125 2221 1241 2276 Quid
1280 2221 1321 2265 in
1357 2225 1448 2280 ejus
1472 2223 1615 2266 animo

244 2298 361 2342 Deus
383 2293 539 2352 egerit,
561 2290 652 2352 ipse
673 2289 804 2334 novit.
840 2290 922 2333 'Nos
946 2291 1059 2334 enim
1085 2308 1228 2336 aurem
1255 2291 1488 2337 forinsecus
1514 2308 1616 2355 per-

244 2367 455 2417 emimus,
477 2362 546 2407 ille
560 2361 805 2405 novitiutus
826 2359 943 2422 loqui
958 2397 967 2408 ,
987 2360 1056 2404 illo
1076 2361 1188 2405 intus
1213 2362 1612 2424 1›raecli‹tatpacern‚

244 2452 324 2486 nec
335 2443 469 2482 cessat
484 2431 724 2495 praedicare
741 2430 775 2475 si
793 2432 1008 2476 audiatur.
1034 2431 1184 2476 Aderit
1200 2432 1490 2479 misericordia
1504 2435 1540 2492 ej
1549 2450 1612 2489 us,

296 2522 308 2545 ¹
327 2518 407 2552 Psal.
424 2528 456 2560 e,
476 2517 510 2550 5.
526 2533 569 2540 —
585 2513 600 2536 ²
614 2515 696 2550 Psal,
719 2526 802 2553 xvu,
825 2516 879 2548 38.
