1763 2838
277 196 364 252 148
692 206 725 234 s.
773 203 1013 235 AUGUSTINI
1049 206 1254 237 EPISCOPI

270 286 453 331 mutat-0.
494 274 605 318 Nam
637 271 780 334 primo
820 270 1081 318 Milevitanae
1121 272 1325 318 Ecclesiae
1369 272 1638 320 catholicum

268 347 524 411 episcopum
550 343 765 406 Optatam
784 342 1055 388 recitandum
1075 354 1362 407 putaverunt,
1386 344 1639 408 pollicentes

266 417 368 464 inde
381 434 422 462 se
434 414 696 479 probaturos
712 412 997 459 Caecilianum
1012 414 1068 459 ab
1083 415 1348 478 Imperatore
1362 415 1630 463 damnatum.

265 489 379 546 Quae
402 486 530 532 lectio
549 500 649 530 cum
675 484 808 543 magis
831 494 982 529 contra
1015 501 1084 529 eos
1111 485 1365 530 recitaretur
1383 522 1394 541 ,
1418 502 1547 531 nemo
1574 486 1639 532 ri-

265 575 359 604 sum
380 555 527 620 potuit
556 554 789 600 continere.
829 553 917 609 Qui
946 564 1087 599 tamen
1110 554 1218 600 risus
1238 572 1326 600 non
1353 555 1502 619 utique
1531 573 1638 602 con-
1662 545 1663 548 Ἴ

263 627 490 691 scriptioni
513 636 728 686 gestorum
753 625 963 687 potuisset
990 625 1190 685 adjungi,
1221 635 1262 670 ct
1280 626 1462 671 omnino·
1480 626 1637 672 latuis-

263 711 348 756 set,
377 698 457 744 nisi
473 708 516 743 et
535 697 679 759 ipsum
701 695 832 740 latere
850 712 937 740 non
954 696 1139 740 sinerent
1154 695 1344 741 dicentes
1368 714 1378 741 :
1406 718 1426 737 «
1446 696 1638 742 Audiant

261 771 339 834 qui
361 770 550 815 riserunt
577 784 587 811 ε
610 788 629 808 »
654 766 741 812 hoc
772 783 871 810 sane
908 766 1119 829 scriptum
1144 777 1204 811 est
1221 803 1231 820 ‚
1257 777 1298 811 et
1318 767 1629 830 subscriptum.

261 840 393 897 Quod
417 839 531 884 enim
551 853 631 899 pro
655 835 794 894 selegi
814 835 1075 892 voluerunt,
1101 835 1356 895 ambiguum
1380 836 1463 881 fuit
1485 854 1496 881 ε
1518 837 1637 883 unde

257 927 360 957 cum
380 907 612 954 rectissime
637 906 846 965 Cognitor
857 907 1049 965 J'ussisset
1074 906 1204 969 paulo
1224 907 1421 969 superius
1439 907 1631 964 recitari,

259 992 308 1027 ut
326 979 426 1026 inde
451 978 484 1023 si
508 987 683 1041 possent
702 976 836 1022 verba
860 976 933 1020 illa
954 976 1264 1031 clarescerent,
1297 977 1383 1022 hoc
1407 978 1635 1023 recitatum

259 1065 322 1100 est
345 1052 462 1117 quod
483 1051 714 1105 nolebant,
734 1049 776 1094 id
799 1059 882 1095 est.
910 1049 1194 1095 Caecilianum
1221 1050 1349 1095 fuisse
1371 1062 1632 1113 purgatum3

258 1142 389 1188 quem
424 1122 548 1186 prius
589 1120 817 1180 legendum
862 1119 1097 1176 dederant,
1140 1138 1227 1166 non
1264 1120 1375 1166 sicut
1409 1121 1636 1180 jactabant

256 1197 509 1242 damnatum
529 1230 539 1245 ,
571 1191 643 1237 sed
666 1191 817 1235 Brixia?
852 1191 968 1235 hono
1000 1192 1119 1253 pacis
1150 1201 1379 1238 retentum.
1420 1192 1505 1237 Hic
1534 1209 1635 1237 cum

255 1266 485 1320 dixissent,
524 1262 608 1308 illis
639 1261 782 1306 verbis
808 1261 1022 1322 Optatam
1048 1261 1370 1306 damnationem
1404 1261 1633 1307 Caeciliani

254 1347 480 1382 extenuare
496 1332 680 1379 voluisse
702 1349 712 1375 ε
735 1331 902 1375 dictum
917 1342 978 1375 est
993 1331 1067 1387 eis,
1087 1341 1134 1376 ut
1149 1331 1391 1376 evidentem
1409 1331 1635 1377 Caeciliani

252 1406 576 1453 damnationem
595 1401 769 1448 aliunde
787 1401 1038 1455 1·ecitarent‚
1062 1413 1110 1446 ut
1130 1403 1185 1446 al)
1212 1402 1378 1464 Optato
1403 1418 1499 1446 eam
1517 1412 1630 1447 exte-

253 1488 429 1524 nuatam
454 1484 596 1537 posset
621 1471 812 1525 ostendi,
834 1472 908 1534 qui
937 1472 1203 1534 apertissime
1227 1472 1457 1535 scripserat
1488 1472 1633 1517 Caeci-

253 1549 415 1594 lianum
448 1545 577 1591 fuisse
606 1553 856 1606 purgatum.
902 1543 998 1587 Hoc
1033 1559 1132 1587 cum
1169 1542 1308 1587 facere
1337 1543 1512 1588 omnino
1545 1554 1632 1587 non

252 1628 426 1683 possent
442 1655 452 1673 ‚
473 1614 706 1674 interjectis
724 1624 852 1676 atque
869 1613 1177 1658 consummatis
1195 1614 1389 1658 omnium
1408 1630 1631 1659 morarum

255 1689 484 1753 superfluis
504 1686 765 1744 ambagibus
787 1722 796 1740 ‚
833 1685 1099 1747 apertissime
1133 1702 1210 1730 nos
1241 1684 1445 1744 adjuvare
1477 1702 1631 1748 coepe-

255 1771 372 1807 runt.
403 1760 633 1820 Tanquam
666 1755 780 1800 enim
812 1773 833 1799 a
862 1755 989 1800 nobis
1009 1765 1148 1800 essent
1169 1755 1400 1811 instructi,
1430 1754 1499 1801 vel
1529 1764 1633 1799 tan-

255 1848 385 1894 quam
405 1827 634 1873 nobiscum
663 1825 715 1870 ad
742 1825 1038 1870 innocentiam
1067 1824 1292 1870 Caeciliani
1314 1824 1631 1870 defendendam

256 1898 650 1960 declarandamque
674 1896 857 1950 delecti,
886 1912 986 1941 cum
1019 1906 1286 1958 queereretur
1317 1895 1371 1940 ab
1405 1896 1462 1941 eis
1482 1933 1492 1950 ‚
1525 1905 1572 1941 ut
1596 1895 1631 1940 si

254 1981 429 2036 possent
459 1967 733 2013 ostenderent
768 1966 887 2028 quod
918 1966 1150 2021 dicebant,
1194 1965 1428 2028 posteriore
1459 1965 1629 2025 judicio

255 2042 539 2088 Caecilianum
559 2039 614 2084 ab
636 2039 902 2101 Imperatore
919 2037 1173 2082 damnatum
1200 2041 1324 2096 cujus
1350 2036 1630 2099 Imperatoris

251 2114 412 2159 litteras
450 2111 711 2170 legeramus,
751 2125 850 2171 quae
890 2108 1013 2153 illum
1042 2107 1317 2154 ostenderant
1342 2107 1623 2152 absolutum:

251 2182 531 2247 protulerunt
555 2178 752 2224 libellum
776 2183 988 2238 majorum
1010 2195 1186 2224 suorum
1216 2177 1267 2222 ad
1292 2176 1491 2222 eumdem
1514 2178 1628 2222 Con·
1668 2191 1674 2195 “

252 2253 490 2300 staminum
513 2252 814 2313 imperatorem
841 2249 991 2293 datum
1014 2286 1023 2299 ,
1049 2266 1137 2311 quo
1161 2248 1424 2311 apertissime
1443 2247 1627 2292 demon-

251 2333 433 2370 strarent
459 2321 573 2365 illius
597 2319 765 2378 judicio
787 2336 827 2364 se
847 2320 993 2381 potius
1015 2318 1141 2364 fuisse
1161 2319 1399 2364 damnatos.
1431 2317 1627 2376 Contigit

249 2395 362 2440 enim
392 2392 449 2437 eis
475 2390 593 2452 apud
622 2390 944 2452 imperatoriam
982 2399 1263 2451 potestatem,
1294 2387 1412 2451 quod
1436 2387 1625 2433 inimicis

247 2463 383 2510 sancti
401 2498 411 2518 ‚
436 2460 623 2505 Danielis
640 2496 650 2515 ‚
671 2460 747 2522 qui
764 2460 852 2505 hoc
874 2460 929 2505 al)
950 2459 1107 2505 eisdem
1125 2459 1323 2505 leonibus
1336 2458 1451 2522 passi
1470 2456 1619 2514 sunt‘1,

295 2550 303 2570 ¹
326 2550 406 2578 Dan.
426 2551 542 2583 v1‚24.
