1763 2838
195 190 369 223 CONTRA
405 187 700 220 GAUDENTmM
736 187 899 217 nonu.
944 187 1102 227 muse.³
1144 187 1230 217 [1ss.
1277 186 1304 215 1.
1383 168 1475 215 215

95 270 245 306 contra
260 260 417 303 Deum.
439 277 459 297 ›>
488 255 554 302 Ad
571 255 667 300 haec
686 271 797 317 resp.
834 253 1112 316 Apertissime
1125 252 1322 307 omnino,
1343 268 1478 315 quam

94 330 434 396 persecutionem
459 326 706 391 patiamini,
729 336 771 370 et
795 326 1011 372 verissime
1032 324 1263 371 confiteris.
1294 325 1395 386 Ipsa
1413 334 1475 369 est

94 404 207 448 enim
225 402 278 447 de
293 417 379 465 qua
397 403 488 459 jam
506 398 611 453 dixi,
629 414 728 460 quae
748 398 791 442 in
804 396 961 442 sanctis
983 395 1218 459 Scripturis
1230 395 1284 440 de
1296 394 1479 458 quibus-

94 470 195 519 dam
220 472 365 536 impiis
387 470 486 516 satis
501 469 720 515 evidenter
745 485 940 531 expressa
962 478 1040 523 est,
1063 467 1116 513 de
1133 467 1295 530 quibus
1310 465 1480 511 dictum

94 555 181 599 est,
208 544 311 608 quia
344 541 684 606 persecutionem
703 540 932 604 patiuntur
964 538 1017 583 ab
1048 538 1151 601 ipsis
1173 537 1299 583 factis
1316 537 1400 582 suis
1421 535 1439 564 1
1463 552 1475 581 2

92 616 210 679 quod
227 614 402 678 quidem
416 613 503 659 dici
516 613 569 659 de
581 613 705 660 vobis
720 610 1125 658 convenientissime
1135 620 1294 673 potest,
1311 608 1481 654 etiamsi

93 703 167 731 vos
189 686 368 731 aliorum
394 702 543 730 manus
568 694 748 747 propter
765 692 905 728 vestra
934 680 1156 740 sacrilegia
1189 680 1473 726 trucidarent.

95 757 204 802 Nam
230 767 272 801 et
295 756 478 801 latrones
502 766 543 800 et
560 752 963 817 quilibethomines
978 751 1039 797 rei
1063 750 1297 796 criminum
1316 750 1480 813 capita-

92 826 218 883 lium,
258 842 357 871 eum
390 825 515 885 justis
550 824 718 884 legibus
745 823 1009 886 puniuntur,
1055 839 1143 867 non
1179 820 1354 866 dicendi
1379 830 1480 866 sunt

91 897 434 959 persecutionem
472 895 584 958 pati,
626 895 706 939 nisi
749 895 804 939 ab
836 893 940 957 ipsis
964 892 1092 938 sactis
1124 891 1225 938 suis.
1256 891 1341 937 Sed
1360 908 1479 937 nunc

91 966 221 1031 plane
252 984 351 1013 cum
378 977 584 1030 parcente
619 966 746 1011 vobis
775 964 1108 1010 mansuetudine
1145 963 1401 1019 christiana,
1420 963 1485 1009 ita

91 1039 136 1084 in
160 1056 234 1084 vos
266 1039 389 1083 saevit
420 1048 559 1082 vestra
585 1037 822 1092 dementia.
857 1047 904 1081 ut
937 1034 1308 1099 quemadmodum
1334 1033 1444 1079 dicis
1462 1051 1476 1079 ε

91 1131 110 1150 α
135 1109 419 1155 Caluinorum
450 1119 622 1171 reperto
652 1106 917 1170 compendio
947 1117 1108 1153 vestras
1132 1106 1295 1151 animas
1327 1106 1478 1168 rapia—

92 1181 161 1233 tis,
186 1204 204 1221 »
228 1180 344 1225 omni
380 1179 509 1224 modo
548 1196 621 1225 vos
649 1197 669 1223 a
697 1179 820 1223 vobis
846 1179 950 1242 ipsis
988 1177 1079 1241 pati
1110 1176 1472 1240 persecutionem,

91 1252 222 1296 nimia
243 1262 304 1296 est
344 1248 636 1312 impudentia,
666 1250 699 1294 si
733 1250 915 1309 negati83
938 1248 1116 1312 quando
1141 1265 1216 1295 vos
1241 1258 1476 1312 utrumque

90 1322 333 1385 completis,
363 1332 404 1366 et
429 1320 671 1380 undejuste
697 1321 897 1383 pereatis.
919 1331 961 1365 et
983 1319 1104 1383 quod
1128 1319 1293 1382 peritis.
1317 1319 1388 1365 Sic
1403 1335 1476 1365 au-

91 1404 175 1438 tem
207 1392 316 1438 dicis
348 1402 410 1437 tot
437 1391 666 1436 hominum
690 1391 827 1436 millia
849 1408 935 1436 esse
953 1391 1029 1454 qui
1051 1390 1136 1435 hoc
1153 1390 1338 1438 faciunt.
1355 1389 1478 1453 quasi

90 1480 178 1509 non
197 1464 327 1509 etiam
345 1463 426 1507 ista
445 1463 599 1507 sitnon
621 1479 758 1524 parva
773 1479 922 1509 causa.
943 1478 1023 1506 cur
1044 1461 1098 1506 ab
1114 1460 1370 1520 hujusmodi
1387 1476 1478 1505 lna-

90 1535 259 1595 gisterio
279 1545 420 1579 vestro
438 1534 580 1579 Africa
601 1534 824 1580 liberetur.
850 1535 1012 1578 Eorum
1030 1543 1091 1577 est
1112 1532 1225 1577 enim
1249 1532 1481 1578 hominum

90 1622 221 1666 genus
239 1644 249 1662 ‚
290 1604 361 1651 cui
388 1606 473 1651 hoc
508 1605 671 1650 malum
699 1605 959 1668 persuadere
986 1603 1204 1666 potuistis,
1233 1605 1309 1666 qui
1342 1603 1480 1649 solent

90 1677 187 1722 haec
215 1688 255 1722 et
274 1687 393 1722 antea
408 1677 566 1732 facere,
594 1677 776 1721 maxime
795 1693 897 1721 cum
919 1675 1178 1720 idololatriae
1200 1674 1377 1719 licentia
1402 1692 1478 1720 us-

88 1763 348 1811 quequaque
370 1746 575 1802 ferveret,
599 1746 778 1810 quando
817 1746 885 1792 isti
925 1749 1197 1803 l’aganorum
1223 1747 1350 1790 armis
1373 1746 1479 1791 festa

90 1833 165 1862 sua
186 1817 568 1881 frequentantibus
601 1817 842 1863 irruebant.
885 1816 1115 1861 Yovobant
1138 1826 1282 1860 autem
1315 1816 1480 1875 l'agani

84 1887 263 1944 juvenes
281 1888 407 1933 idolis
423 1888 508 1933 suis
532 1888 628 1951 quis
654 1899 762 1951 quot
793 1887 1012 1933 occideret
1034 1888 1051 1915 2
1074 1905 1084 1931 ε
1111 1898 1154 1932 at
1180 1887 1248 1931 isti
1268 1889 1475 1947 gregatim

88 1959 194 2004 hinc
218 1969 345 2022 atque
376 1959 478 2004 inde
501 1959 791 2013 confluentes,
830 1970 1039 2021 tanquam
1064 1958 1110 2003 in
1147 1957 1476 2020 amphitheatro

89 2047 113 2074 a
137 2030 416 2076 venatoribus
454 2047 573 2075 more
597 2030 853 2075 immanium
894 2029 1134 2074 bestiarum
1170 2028 1396 2074 venabulis
1435 2047 1478 2076 se

89 2101 301 2164 oppositis
320 2101 592 2160 ingerebant,
614 2100 803 2145 furentes
831 2100 1155 2155 moriebantur,
1185 2110 1482 2162 putrescentes

89 2171 425 2235 sepeliebantur,
462 2171 727 2234 decipientes
747 2171 1018 2217 colebantur.
1046 2172 1213 2215 Praeter
1252 2170 1352 2217 baec
1377 2183 1480 2218 sunt

89 2258 184 2289 saxa
205 2241 410 2288 immania
423 2253 464 2288 et
488 2243 703 2288 montium
723 2243 903 2288 horrida
929 2255 1175 2306 praerupta,
1203 2242 1473 2290 voluntario-

89 2328 186 2360 rum
207 2314 479 2360 creberrimis
503 2314 718 2360 mortibus
738 2315 970 2360 nobilitata
994 2324 1239 2359 rostrorum
1258 2331 1268 2358 ε
1290 2315 1412 2378 aquis
1436 2326 1478 2362 et

87 2384 262 2445 ignibus
288 2384 424 2429 rarius
452 2384 496 2429 id
536 2385 748 2444 agebant3
793 2385 1050 2448 prtecipitiis
1075 2401 1219 2443 greges
1239 2402 1475 2432 consume-

90 2456 254 2502 bantur
269 2455 474 2516 ingentes.
499 2455 649 2501 AEtatis
668 2467 826 2502 nostra}
850 2456 1105 2502 hominibus
1129 2473 1193 2501 res
1215 2456 1479 2504 notisssimas

141 2539 247 2585 [δερ.
266 2551 390 2580 x1,21.
406 2557 453 2566 —-
467 2539 483 2564 ²
499 2540 583 2574 Vide
599 2541 691 2585 epist.
712 2543 912 2577 185.n.12.
