1763 2838
284 168 371 213 29³.
704 165 736 194 5.
785 165 1022 195 AUGthTim
1061 167 1259 195 EPISCOPI

280 253 301 273 »
325 230 513 275 scientiae
539 230 642 274 nei!
668 247 796 292 quam
814 231 1402 291 inscrutabiliajudiciaejus
1428 243 1467 276 tt
1484 231 1654 276 investi-

282 324 303 343 »
325 301 486 361 gabiles
509 300 591 345 via*
617 300 727 359 ejus!
769 301 876 356 Quis
895 301 1006 345 enim
1034 303 1235 361 cognovit
1257 319 1423 347 sensum
1451 301 1652 356 Domini,

279 393 302 414 »
326 382 401 416 aut
420 371 516 433 quis
530 371 796 415 consiliarius
816 371 930 416 illius
944 370 1025 416 fuit
1040 409 1050 427 ‚
1072 383 1144 417 aut
1163 373 1259 435 quis
1284 373 1403 434 prior
1423 372 1542 416 dedit
1566 371 1651 426 illi,

280 464 302 485 ))
325 453 366 487 et
388 441 651 486 retribuetur
680 442 713 486 ei
730 445 746 486 Ξ)
770 442 985 498 Quoniam
1015 460 1061 487 ex
1086 443 1181 506 ipso
1210 454 1252 488 et
1276 460 1353 505 per
1379 443 1524 504 ipsum
1547 452 1588 487 et
1612 443 1656 486 in

278 533 300 554 ))
325 513 420 574 ipso
457 522 557 556 sunt
593 512 765 567 omnia,
811 512 890 574 ipsi
928 512 1063 570 gloria
1099 513 1140 557 in
1187 512 1344 557 saecula
1377 511 1650 557 saeculorum.

278 604 300 624 ³>
326 585 476 628 Amen.
508 603 527 622 »
549 581 684 627 Valde
699 599 796 641 ergo
817 599 1001 644 parvum
1022 599 1189 627 sensum
1211 581 1423 627 habemus
1442 580 1496 626 ad
1517 581 1658 626 discu-

278 651 691 710 tiendamJ'ustitiam
715 652 984 711 judiciorum
1007 653 1113 705 l)ei;
1144 652 1197 697 ad
1225 651 1544 697 discutiendam
1567 669 1657 710 gra-

278 723 381 767 tiam
410 723 669 780 gratuitam,
705 722 835 767 nullis
862 723 1021 767 meritis
1052 722 1403 785 praecedentibus
1445 738 1533 766 non
1571 721 1658 766 ini-

277 810 438 855 quam,
467 809 567 854 quae
604 809 690 836 non
741 804 826 837 tam
859 803 1000 838 movet
1031 810 1131 837 cum
1164 803 1395 855 praestatur
1429 791 1617 850 indignis
1640 828 1651 847 ‚

280 879 413 926 quam
442 878 541 906 cum
568 878 690 923 aeque
712 862 900 921 indignis
925 862 1018 907 aliis
1044 862 1294 922 denegatur.

349 933 489 978 XXX.
532 932 644 976 Nam
663 942 703 976 et
719 931 765 976 hi
785 932 947 995 quibus
970 932 1143 977 videtur
1160 933 1369 992 injustum
1391 969 1400 981 ,
1427 942 1475 977 ut
1490 930 1659 994 parvuli

280 1005 369 1049 sine
395 1001 528 1062 gratia
547 1001 713 1046 Christi
735 1001 787 1046 de
813 1019 995 1064 corpore
1019 1013 1237 1057 exeuntes,
1262 1020 1348 1048 non
1368 1002 1506 1047 solum
1528 1018 1660 1060 regno

281 1075 361 1120 Dei
381 1110 391 1129 ‚
419 1090 506 1136 quo
528 1083 569 1116 et
588 1072 671 1134 ipsi
695 1071 886 1117 fatentur
909 1072 989 1117 nisi
1014 1090 1091 1135 per
1111 1073 1381 1135 baptismum
1402 1082 1570 1117 renatos
1590 1072 1661 1116 in-

281 1156 396 1189 trare
417 1160 503 1188 non
537 1159 688 1205 posse3
722 1142 1002 1187 verumetiam
1031 1143 1118 1189 x'ita
1151 1154 1309 1188 aeterna
1340 1154 1380 1188 et
1412 1142 1545 1187 salute
1565 1140 1662 1204 pri-

282 1225 461 1267 ventur3
485 1223 727 1276 quzerentes
751 1213 1151 1275 quomodojustum
1167 1215 1241 1270 sit,
1266 1224 1314 1259 ut
1335 1214 1439 1259 alius
1459 1213 1514 1257 al)
1529 1211 1663 1271 origi-

279 1287 367 1333 nali
390 1285 610 1348 impietate
628 1284 834 1339 solvatur,
854 1283 961 1328 alius
981 1301 1066 1329 non
1092 1284 1299 1340 solvatur,
1319 1302 1418 1329 cum
1440 1282 1590 1329 eadem
1611 1283 1664 1327 sit

281 1357 506 1419 utriusque
548 1354 739 1399 conditio
771 1371 780 1398 :
811 1354 894 1416 ipsi
933 1354 1222 1416 respondeant
1258 1354 1500 1400 secundum
1541 1369 1663 1397 suam

285 1427 538 1474 sententiam
554 1461 564 1480 ‚
588 1424 807 1487 quomodo
826 1423 1063 1469 identidem
1077 1428 1243 1483 J'ustum
1262 1426 1331 1481 sit,
1351 1435 1399 1469 ut
1416 1424 1520 1469 huic
1532 1439 1665 1486 praes-

287 1509 402 1544 tetur
417 1496 682 1559 baptismus,
704 1512 791 1557 quo
806 1495 938 1539 intret
956 1495 1001 1539 in
1019 1512 1195 1554 regnum
1217 1496 1319 1552 Dei,
1344 1495 1403 1540 illi
1425 1511 1510 1539 non
1524 1509 1656 1556 praes-

285 1579 419 1622 tetur,
453 1583 551 1611 cum
575 1566 627 1610 sit
650 1566 872 1627 utriusque
902 1582 980 1627 par
1007 1582 1147 1612 causa.
1182 1566 1225 1610 Si
1259 1566 1370 1611 enim
1398 1574 1563 1617 movet,
1588 1579 1666 1608 cur

289 1656 336 1684 ex
356 1638 424 1682 liis
439 1636 612 1681 duobus
631 1672 641 1690 ,
669 1652 769 1680 cum
799 1652 844 1679 ex
867 1652 992 1698 {equo
1012 1636 1141 1680 ambo
1164 1637 1247 1680 sint
1271 1635 1533 1695 originaliter
1557 1650 1665 1696 pec-

292 1719 481 1761 catores,
517 1706 625 1750 alius
660 1706 714 1750 ab
748 1705 833 1749 hoc
865 1705 1043 1750 vinculo
1079 1706 1278 1762 solvitur,
1308 1706 1380 1750 cui
1412 1703 1667 1750 conceditur

290 1778 565 1842 baptismus3
589 1776 798 1820 aliusnon
817 1775 1012 1832 solvitur,
1041 1777 1110 1821 cui
1133 1777 1225 1821 talis
1245 1777 1380 1836 gratia
1399 1793 1486 1821 non
1506 1791 1666 1821 conce-

292 1849 412 1894 ditur
433 1866 443 1892 :
470 1863 547 1892 cur
570 1863 655 1890 non
678 1847 838 1908 pariter
862 1857 1027 1900 movet,
1057 1847 1177 1908 quod
1201 1864 1247 1891 ex
1272 1846 1443 1892 duobus
1473 1845 1667 1905 ori-gina-

289 1916 710 1964 literinnocentibus
726 1952 735 1970 ‚
770 1915 877 1960 alius
896 1916 1057 1979 accipit
1083 1916 1378 1979 baptismum,
1405 1933 1491 1978 quo
1510 1916 1555 1960 in
1571 1932 1668 1974 reg-

292 2007 396 2035 num
418 1989 497 2033 Dei
522 1986 656 2050 possit
677 1986 837 2030 intrare
855 2023 864 2041 ,
885 1986 992 2031 alius
1011 2004 1097 2031 non
1120 1988 1307 2050 accipit,
1334 2004 1386 2031 ne
1411 1986 1464 2032 ad
1488 2002 1667 2045 regnum

299 2061 369 2105 Dei
401 2059 534 2122 possit
564 2056 792 2103 accedere?
815 2058 982 2120 Nempe
1007 2057 1050 2102 in
1077 2069 1262 2120 utraque
1287 2075 1413 2103 causa
1431 2094 1442 2113 ,
1466 2056 1520 2102 ad
1550 2056 1667 2101 illam

291 2129 642 2176 exclamationem
667 2127 830 2172 roditur
865 2145 874 2172 ε
909 2149 927 2169 α
950 2128 988 2173 O
1027 2127 1212 2173 altitudo
1250 2128 1530 2173 divitiarum!
1563 2147 1582 2167 ›>
1608 2127 1669 2170 Ex

292 2202 396 2263 ipsis
418 2199 572 2246 deinde
597 2199 829 2261 baptizatis
850 2198 1041 2261 parvulis
1061 2235 1070 2251 ‚
1091 2198 1263 2244 dicatur
1289 2198 1398 2243 mihi
1417 2236 1427 2254 ‚
1452 2214 1530 2243 cur
1562 2196 1670 2242 alius

289 2273 478 2335 rapitur,
500 2288 552 2315 ne
572 2270 735 2314 malitia
761 2280 896 2315 mutet
912 2269 1179 2315 intellectum
1200 2274 1290 2329 ejus
1307 2307 1317 2325 ,
1342 2280 1383 2314 et
1409 2268 1515 2314 alius
1529 2268 1637 2314 vivit
1655 2303 1665 2322 ‚

290 2344 452 2405 impius
482 2340 708 2386 l'uturus'l‘)
747 2342 899 2386 Nonne
934 2341 967 2385 si
1002 2341 1131 2385 ambo
1152 2342 1436 2403 raperentur?
1464 2338 1594 2384 ambo
1624 2338 1669 2382 in

287 2430 467 2472 regnum
487 2411 697 2457 colorum
713 2410 1066 2471 ingrederentur?
1090 2421 1131 2456 et
1156 2422 1401 2456 tamennon
1421 2419 1480 2456 est
1506 2408 1663 2472 iniqui-

344 2496 443 2539 18111).
461 2508 503 2535 iv,
523 2508 531 2525 ι
548 2507 575 2528 1.
