1763 2838
279 252 555 287 BREVICULUS
591 250 884 283 COLLATIONIS
920 249 1011 283 CUM
1046 248 1326 282 DONATISTIS·
1431 235 1493 298 89

120 319 411 386 Imperatore1
439 330 712 384 praeceptum
732 356 741 374 ,
770 318 915 364 ierunt
945 317 990 363 in
1022 313 1163 373 aliud,
1196 315 1317 380 quod
1343 327 1495 364 contra

117 412 158 440 se
174 393 411 440 identidem
437 391 575 437 multo
597 390 839 437 mirabilius
859 390 1149 454 protulerunt.

184 466 300 512 XLI.
342 464 653 510 Recitaverunt
675 463 804 508 etiam
832 461 934 507 alias
969 462 1132 508 litteras
1157 459 1347 522 ejusdem
1375 461 1498 506 Con-

120 535 296 581 stantini
328 533 599 597 imperatoris
630 533 684 578 ad
711 532 982 578 probianum
1018 531 1326 596 proconsulem
1352 530 1494 584 datas,

50 643 61 649 ,
118 622 218 670 quae
236 605 414 668 quidem
432 603 627 650 consules
652 622 739 649 non
762 602 1020 657 habebant3
1048 602 1122 649 sed
1153 601 1265 647 nihil
1287 602 1410 665 quasi
1446 601 1500 647 de

119 675 365 735 objectione
384 686 534 720 mutua
560 673 781 720 Catholici
803 690 926 733 agere
950 673 1182 719 voluerunt
1203 689 1213 716 :
1241 671 1441 735 quamvis
1459 681 1501 716 et

120 746 225 791 hinc
242 763 283 791 se
306 745 422 809 ipsos
447 745 687 790 Donatistae
719 744 1052 800 convincerent,
1082 759 1215 807 quam
1236 741 1501 787 calumniose

120 815 364 862 Catholicis
388 815 433 861 id
461 816 701 874 objecerint
721 835 731 868 3
762 831 862 860 cum
884 814 1005 877 prior
1026 811 1227 860 chartula
1252 829 1298 857 ex
1322 828 1408 874 qua
1431 828 1502 857 re-

121 886 302 932 citatum
327 897 387 931 est
402 885 622 945 judicium
642 884 917 930 Constantini
936 922 946 940 ,
969 901 1058 948 quo
1079 883 1301 930 absolutus
1322 893 1383 927 est
1402 882 1502 926 Cae-

121 956 325 1011 cilianus,
354 956 547 1002 consules
578 973 663 1001 non
690 956 899 1005 haberet.
933 955 1010 1018 qui
1043 965 1188 1000 tamen
1219 969 1317 998 mox
1347 952 1392 996 in
1422 951 1504 997 alia

121 1026 323 1072 chartula
346 1027 511 1072 inventi
535 1037 649 1073 sunt.
680 1027 778 1072 Istae
803 1026 948 1089 itaque
968 1025 1125 1070 litterae
1149 1023 1201 1068 ad
1227 1022 1502 1067 probianum

121 1098 427 1161 proconsulem
463 1097 607 1153 datae,
653 1097 877 1142 continent
920 1093 1202 1158 Imperatoris
1237 1091 1500 1152 jussionem,

121 1184 208 1232 qua
231 1169 444 1230 praecepit
468 1178 515 1211 ut
540 1167 594 1212 ad
628 1184 669 1212 se
696 1166 917 1226 Ingentius
941 1166 1211 1219 mitteretur,
1249 1165 1373 1222 cujus
1394 1179 1505 1207 con-

122 1237 302 1283 fessione
333 1239 376 1282 in
404 1238 678 1300 proconsulis
700 1237 854 1282 AEliani
880 1236 1050 1296 judicio
1081 1235 1192 1280 Felix
1218 1232 1508 1292 Abtugnensis

123 1308 351 1354 ordinator
362 1308 584 1354 Caeciliani
603 1326 625 1353 a
643 1308 823 1353 crimine
841 1307 1084 1353 traditionis
1104 1305 1245 1351 fuerat
1260 1302 1500 1349 absolutus.

125 1380 220 1424 Hoc
247 1389 389 1423 autem
412 1378 633 1442 imperiale
652 1389 927 1442 praeceptum
951 1377 1047 1423 idco
1072 1376 1317 1422 Donatistae
1337 1391 1378 1419 se
1401 1372 1508 1419 reci-

127 1461 213 1495 tare
248 1449 482 1499 dicebant.
519 1460 567 1494 ut
602 1450 727 1513 quasi
761 1449 1035 1495 ostenderent
1074 1445 1300 1493 Caeciliani
1334 1461 1507 1490 causam

127 1520 274 1566 adhuc
299 1520 430 1565 fuisse
457 1538 705 1583 suspensam
731 1521 890 1577 ‚etiam
918 1530 1017 1582 post
1050 1518 1159 1564 illud
1176 1516 1396 1576 judicium
1419 1531 1507 1577 quo

126 1609 167 1636 se
192 1592 505 1636 Constantinus
525 1591 635 1636 inter
655 1602 793 1654 partes
816 1592 961 1636 onmia
982 1589 1227 1635 terminasse
1249 1590 1341 1645 jam
1366 1586 1509 1648 scrip-

126 1672 237 1707 serat
260 1679 269 1706 :
298 1678 397 1706 cum
419 1663 522 1706 etin
544 1662 646 1723 ipsis
667 1662 846 1717 litteris,
876 1678 984 1724 quas
1013 1660 1066 1705 ad
1097 1657 1369 1702 l'robianum
1401 1671 1509 1717 pro-

127 1730 348 1777 consulem
378 1732 500 1777 dat-as
534 1733 854 1783 recitaverunt,
890 1732 1051 1794 quibus
1083 1728 1205 1793 quasi
1237 1726 1510 1772 ostenderent

129 1802 275 1847 adhuc
300 1802 488 1865 pendere.
508 1801 727 1861 judicium
746 1839 756 1858 ,
792 1801 999 1865 quoniam
1023 1799 1076 1846 ad
1104 1816 1146 1844 se
1181 1796 1297 1842 mitti
1324 1799 1510 1856 jusserat

127 1874 372 1936 Imperator
388 1873 635 1932 lugentium
652 1910 662 1928 ‚
682 1883 797 1918 tanta
814 1883 965 1917 contra
983 1888 1024 1917 se
1038 1869 1217 1930 legerint
1236 1905 1246 1923 ‚
1268 1877 1315 1912 ut
1331 1866 1508 1912 omnino

128 1944 289 1988 mirum
313 1943 366 1988 sit
397 1943 560 2006 quibus
585 1943 658 1988 illa
689 1942 826 1988 oculis
857 1943 1048 2005 aspicere
1064 1979 1075 1996 ‚
1103 1939 1172 1987 vel
1195 1955 1284 2003 quo
1310 1954 1382 1982 ore
1400 1954 1508 2000 pro-

128 2013 330 2058 nuntiare
376 2013 612 2076 potuerint.
662 2013 732 2058 lbi
768 2013 883 2058 enim
932 2010 1243 2057 Constantinus
1284 2007 1413 2062 dixit,
1454 2007 1509 2051 ab

130 2084 294 2129 AEliano
317 2084 577 2147 proconsule
599 2082 864 2128 audientiam
897 2082 1139 2145 praestitam
1165 2088 1481 2141 competentem
1496 2113 1506 2132 ‚

132 2155 405 2216 Felicemque
427 2155 703 2199 innocentem
723 2154 779 2198 ab
800 2152 1016 2197 exustione
1036 2150 1240 2195 codicum
1261 2148 1512 2193 divinorum

132 2224 396 2276 constitisse3
425 2223 521 2268 illos
561 2234 700 2268 autem
731 2239 816 2267 esse
847 2222 892 2267 in
925 2220 1155 2284 praesentia
1191 2217 1507 2271 confutandos,

133 2294 209 2357 qui
237 2293 454 2338 diuturnis
482 2292 636 2338 diebus
667 2309 764 2337 eum
794 2291 1068 2354 interpellare
1101 2306 1188 2334 non
1214 2288 1509 2351 quiescerent;

133 2375 182 2410 ut
200 2365 256 2409 eis
274 2363 442 2427 liquido
474 2374 730 2426 appareret,
760 2361 921 2406 frustra
945 2377 1015 2406 eos
1041 2358 1279 2405 Caeciliano
1297 2356 1512 2401 invidiam

134 2451 389 2498 comparare
408 2470 419 2489 ,
445 2444 486 2478 et
506 2434 706 2480 adversus
728 2449 826 2478 eum
844 2431 1054 2478 violenter
1072 2430 1292 2489 insurgere
1307 2425 1505 2474 voluisse.

136 2504 221 2550 Hie
246 2521 344 2564 ergo
373 2522 451 2568 per
473 2504 565 2550 illas
594 2504 756 2551 litteras
774 2540 786 2562 ,
815 2520 901 2550 non
926 2502 1066 2550 solum
1093 2499 1381 2548 Caecilianum
1399 2534 1411 2554 ‚
1438 2494 1512 2544 sed

184 2586 196 2609 ¹
218 2586 375 2619 Honorio.
