1763 2838
300 137 393 192 204
716 152 750 181 S.
794 150 1037 183 Aucusnm
1072 150 1276 183 EPlscoPl

296 235 316 256 »
334 215 496 261 Israel?
519 216 573 261 At
589 215 658 261 ille
681 234 691 260 :
717 217 812 262 Non
835 227 919 273 est,
940 218 1107 281 inquit,
1129 229 1317 265 vestrum
1337 237 1457 267 nosse
1474 232 1668 286 tempora

296 308 316 327 »
336 286 402 332 vel
426 298 641 332 momenta
659 324 669 343 ,
700 305 799 351 qua]
828 293 954 334 Pater
980 290 1126 351 posuit
1151 291 1194 335 in
1218 308 1293 336 sua
1330 303 1566 354 potestate,
1595 293 1667 340 sed

295 378 316 398 »
336 358 554 420 accipietis
574 359 776 404 virtutem
794 360 1133 423 supervenientis
1152 361 1342 424 Spiritus
1360 364 1495 409 sancti
1512 365 1557 410 in
1570 382 1664 421 VOS,

295 428 511 473 »eteritis
532 428 643 473 mihi
668 439 789 475 testes
813 430 858 475 in
876 430 1115 476 Jerusalem
1133 468 1143 487 ,
1171 432 1277 476 etin
1302 442 1439 478 totam
1470 434 1669 480 Judaeam

295 517 314 538 >³
332 507 373 541 et
410 497 648 544 Samariam
668 537 679 555 ,
720 509 760 546 et
788 517 921 564 usque
953 500 1006 546 ad
1032 501 1236 546 terminos
1260 512 1399 549 terrae.
1441 504 1519 549 His
1542 504 1669 550 dictis

295 567 472 612 »nubes
496 570 683 632 suscepit
705 570 848 618 eum1.
877 593 895 613 »
924 571 1045 616 nihil
1081 570 1257 616 ulterius
1290 572 1432 618 velbis
1463 573 1665 619 addidit:

295 637 382 683 hoc
408 648 526 685 tanto
552 641 742 687 tenacius
758 679 769 698 ,
799 652 962 704 quanto
974 641 1223 718 posterius
1251 641 1522 689 audientium
1546 660 1671 688 men-

294 707 412 753 tibus
426 710 532 756 fixit.
561 711 614 755 II
607 729 685 757 anc
704 729 904 775 sponsam
919 712 1004 757 suis
1025 712 1172 757 amicis
1189 730 1401 775 sponsus
1390 713 1535 758 abiens
1553 730 1671 758 com-

294 778 528 826 mendavit.
557 781 682 827 Hanc
702 800 800 842 eroo
816 782 868 827 dc
889 793 1034 827 sancta
1054 782 1276 827 Ecclesi12
1299 782 1534 846 Discipulis
1553 783 1671 829 dere·

293 848 436 911 liquit.
470 851 584 896 Huic
611 853 711 897 fidei
744 854 988 899 Donatistae
1018 853 1232 911 resistitis,
1259 864 1298 898 et
1322 871 1403 916 pro
1428 853 1512 899 fide
1538 871 1671 918 quam

295 921 510 967 Dominus
546 923 747 970 Christus
766 925 939 988 reliquit
967 925 1179 988 Apostolis
1195 963 1205 982 ,
1230 943 1305 972 vos
1327 926 1671 988 persecutionem

294 990 404 1037 serre
419 993 691 1041 contenditis.
715 996 830 1040 Iluic
847 995 1037 1040 hominis
1058 994 1182 1050 Filio,
1203 995 1278 1058 qui
1297 995 1530 1040 Ecclesiam
1551 1012 1672 1041 suam

296 1061 575 1125 incipientem
602 1065 657 1110 ab
683 1066 918 1111 Jerusalem
938 1102 948 1121 ,
986 1076 1028 1110 et
1050 1082 1130 1128 per
1151 1083 1298 1110 omnes
1323 1076 1464 1125 gentes
1483 1065 1674 1112 fructifi-

297 1142 467 1178 cantem
487 1145 615 1198 atque
634 1147 894 1182 crescentem
908 1173 919 1192 ,
944 1147 1064 1181 tanta
1085 1135 1306 1196 diligentia
1329 1137 1669 1193 commendavit,

297 1204 405 1249 mira
421 1207 626 1252 czecitatis
639 1209 912 1271 impudentia
928 1208 1245 1264 contradicitis,
1262 1219 1304 1253 et
1321 1219 1503 1271 propter
1515 1209 1674 1254 Filium

298 1274 488 1322 hominis
518 1295 592 1324 vos
627 1280 740 1325 mala
775 1280 982 1325 sustinere
1017 1279 1226 1325 clamatis.
1272 1280 1339 1325 An
1377 1279 1463 1324 hoc
1486 1278 1674 1325 fortassis

297 1346 393 1392 ideo
419 1348 562 1395 dicitis
579 1388 588 1406 ,
611 1353 714 1415 quia
740 1352 864 1398 vobis
892 1352 1026 1396 alium
1052 1351 1193 1396 filium
1214 1351 1405 1396 hominis
1425 1351 1671 1406 invenistis,

298 1422 421 1478 cujus
453 1422 626 1468 nomine
650 1423 928 1479 vocitemini,
955 1423 1008 1467 de
1029 1426 1154 1482 cujus
1177 1433 1300 1485 parte
1325 1422 1564 1467 dicamini?
1591 1423 1675 1467 Er-

298 1490 417 1544 ratis,
443 1508 529 1537 non
551 1503 612 1538 est
635 1494 726 1556 ipse
753 1511 764 1538 :
792 1493 969 1556 quando
995 1503 1177 1556 propter
1200 1493 1356 1538 Filium
1379 1492 1568 1538 hominis
1584 1492 1676 1556 pati

299 1563 644 1624 persecutionem
668 1564 884 1610 felicitatis
899 1581 982 1609 esse
1007 1564 1211 1620 dicebat,
1236 1581 1276 1609 se
1294 1565 1438 1625 ipsum
1456 1563 1528 1609 illc
1547 1580 1677 1627 spon-

300 1647 370 1680 sus
388 1671 398 1690 ,
420 1653 507 1681 non
533 1636 777 1681 adulterum
799 1635 1087 1699 praedicabat.

367 1707 536 1753 XXIII.
580 1708 634 1752 Et
651 1725 727 1752 nos
751 1708 1028 1762 confitemur,
1052 1717 1101 1752 ut
1117 1705 1262 1751 dicitis
1279 1743 1289 1761 ,
1314 1722 1402 1751 non
1423 1705 1521 1750 solis
1541 1706 1677 1768 Apos-

302 1776 399 1822 tolis
426 1794 512 1822 esse
527 1777 696 1823 dictum
712 1796 723 1822 ι
742 1777 898 1823 «Beati
915 1778 1048 1833 eritis,
1070 1793 1173 1822 cum
1193 1793 1267 1822 vos
1284 1776 1500 1840 persecuti
1516 1775 1678 1821 suerint

304 1870 324 1890 >³
348 1848 544 1894 homines
556 1850 588 1895 3.
614 1871 634 1891 ›>
660 1849 727 1895 Ad
750 1866 896 1894 omnes
918 1849 1032 1894 enim
1053 1848 1138 1892 hoc
1158 1847 1367 1910 pertinet,
1389 1865 1476 1893 non
1493 1847 1569 1910 qui
1579 1856 1679 1909 post

302 1919 397 1965 illos
421 1920 662 1983 quamlibet
685 1919 1025 1983 persecutionem
1050 1919 1163 1982 passi
1183 1929 1305 1973 sunt,
1323 1919 1409 1964 sive
1429 1919 1673 1981 patiuntur,

304 1992 391 2037 sive
413 1992 490 2056 qui
515 1992 679 2055 passuri
706 2002 834 2046 sunt;
855 1990 927 2036 sed
945 1991 1021 2053 qui
1046 1990 1448 2053 propterjUstitiam
1467 2027 1477 2046 ,
1504 1990 1616 2035 sicut
1637 1999 1679 2034 et

303 2062 401 2125 ipsi.
426 2064 537 2108 Nam
567 2063 653 2108 hoc
668 2062 800 2125 paulo
816 2063 1012 2126 superius
1033 2062 1198 2106 dixerat
1220 2078 1230 2106 :
1259 2082 1279 2102 α
1300 2061 1420 2106 Beati
1443 2060 1521 2124 qui
1540 2077 1679 2124 perse-

304 2154 325 2175 »
349 2134 565 2179 cntionem
585 2134 816 2197 patiuntur
833 2144 1013 2197 propter
1031 2133 1243 2192 justitiam
1258 2170 1268 2185 ,
1290 2132 1392 2196 quia
1407 2133 1600 2195 ipsorum
1619 2142 1680 2177 est

305 2221 524 2264 »regnum
548 2215 609 2250 est
631 2221 810 2264 regnum
837 2204 1063 2249 coelorum.
1088 2224 1107 2244 >2
1130 2202 1296 2248 Deinde
1320 2203 1398 2248 ista
1423 2202 1675 2261 subjunxit,

304 2291 403 2338 quae
442 2292 780 2320 commemorare
813 2285 852 2320 et
884 2274 1042 2319 frustra
1067 2273 1191 2319 vobis
1224 2289 1431 2336 usurpare
1464 2272 1671 2319 voluistis.

307 2347 480 2391 Frustra
492 2346 607 2391 enim
630 2345 939 2392 beatitudinem
954 2346 1077 2391 istam
1095 2345 1310 2408 pertinere
1330 2344 1382 2389 ad
1402 2360 1476 2390 vos
1495 2343 1675 2406 putatis,

299 2416 476 2481 quando
511 2417 557 2462 in
582 2418 704 2463 vobis
721 2417 934 2478 justitiam
970 2416 1042 2463 cui
1065 2416 1299 2480 praemium
1337 2414 1564 2473 debeatur,
1591 2431 1680 2461 non

352 2497 361 2520 ¹
383 2501 453 2531 Act.
476 2510 498 2539 1,
517 2499 547 2530 6.
562 2517 606 2522 —
624 2498 639 2522 2
653 2500 713 2531 Hic
730 2501 838 2532 deesse
860 2500 998 2537 videtur.
1014 2499 1120 2532 fidem.
1142 2518 1182 2525 —
1210 2496 1224 2522 3
1247 2497 1361 2533 Matth.
1381 2509 1410 2538 v,
1433 2509 1444 2529 ι
1459 2509 1488 2531 1·
