1763 2838
286 132 378 188 244
706 144 739 173 s.
785 142 1023 173 AUGUSTINI
1062 143 1267 173 EPISCOPI

286 229 364 256 nec
392 221 572 273 propter
592 208 779 271 paleam
807 207 858 252 de
874 209 1085 253 Dominic
1078 226 1098 252 ιι
1115 226 1234 257 area
1259 225 1337 253 nec
1360 219 1540 272 propter
1557 225 1656 254 vasa

284 281 563 328 inhonorata
581 279 633 323 de
645 278 873 323 Domuum
893 278 1039 326 domo
1063 296 1137 323 nec
1160 290 1334 341 propter
1349 278 1486 341 pisces
1501 279 1653 335 malos,

285 349 338 395 de
358 350 594 395 Dominicis
609 348 772 392 retibus
795 359 892 392 ιιιιιι(
912 359 1080 410 tempus
1099 349 1232 403 (ιίηις
1259 366 1310 393 ne
1328 348 1484 394 frustra
1498 349 1654 394 exitum

283 438 408 472 suum
427 430 638 466 conentur
659 418 845 464 abluere.
875 420 963 464 llas
988 435 1036 463 (ιιι
1041 419 1252 473 anoelicas
1275 421 1503 464 sententias
1524 420 1555 465 si
1573 437 1655 465 ιο-

281 489 470 535 luerisin
498 489 628 534 alium
654 506 821 534 sensum
850 489 1047 551 qualibet
1077 489 1443 547 argumentatione
1472 506 1655 534 conver-

281 571 385 615 tere,
409 559 547 605 eidem
570 561 698 604 beato
726 560 964 622 Cypriano,
993 563 1117 617 cujus
1136 559 1426 603 testimonium
1454 559 1652 614 adhibes,

279 630 557 686 contradicis,
579 631 690 676 sicut
713 630 757 674 in
788 641 931 675 nostra
959 628 1201 673 Collationc
1224 629 1394 674 fecistis.
1423 630 1533 674 Nam
1558 628 1656 674 haec

276 700 330 745 de
353 701 431 745 ista
449 700 687 764 quaestione
707 717 838 763 supra
852 699 957 744 dicti
979 717 1044 743 ma
1055 699 1182 760 rtyris
1200 700 1332 743 verba
1353 710 1470 753 sunt,
1486 700 1530 743 in
1547 699 1656 761 epis-

278 771 367 815 tola
400 788 532 834 quam
568 770 739 832 scripsit
776 769 829 814 ad
869 769 1103 814 Maximum
1138 779 1179 813 et
1214 769 1352 814 socios
1381 769 1656 814 confessionis

279 845 382 900 ejus,
408 862 427 881 (ι
452 841 537 885 Etsi
557 840 780 893 videntur,
802 839 963 902 inquit.
986 841 1029 883 in
1052 838 1239 883 Ecclesia
1261 856 1345 883 esse
1365 838 1542 887 zizania.
1568 855 1656 883 non

276 921 422 955 tamen
459 909 665 972 impediri
689 910 818 954 debet
839 919 913 953 aut
940 908 1045 953 fides
1070 919 1145 952 aut
1187 908 1378 953 charitas
1415 919 1580 963 nostra‚
1608 919 1657 953 ut

276 980 485 1043 quoniam
510 979 670 1024 zizania
688 996 773 1024 esse
797 980 840 1024 in
863 978 1053 1023 Ecclesia
1077 979 1308 1031 cernimus,
1335 979 1415 1040 ipsi
1437 979 1490 1035 de
1509 978 1656 1023 Eccle-

275 1051 335 1095 sia
359 1050 625 1095 recedamus.
670 1049 808 1094 Nobis
844 1048 1149 1093 tantummodo
1173 1048 1465 1093 laborandum
1489 1059 1576 1102 est,
1608 1059 1657 1093 ut

272 1120 541 1166 frumentum
567 1137 652 1164 esse
674 1120 919 1182 possimus:
956 1130 1003 1163 ut
1035 1135 1134 1163 cum
1173 1118 1356 1180 coeperit
1387 1117 1655 1163 frumentum

276 1190 518 1235 Dominicis
536 1190 703 1234 horreis
721 1189 875 1241 condi,
903 1189 1094 1233 fructum
1119 1206 1197 1250 pro
1215 1205 1343 1250 opere
1367 1199 1513 1232 nostro
1538 1199 1580 1233 et
1597 1187 1656 1232 la-

273 1260 377 1305 bore
388 1261 622 1323 capiamus.
652 1260 884 1322 Apostolus
898 1260 943 1303 in
962 1259 1154 1321 Epistola
1174 1276 1248 1303 sua
1264 1259 1399 1303 dicit:
1421 1279 1440 1299 <c
1458 1261 1508 1304 In
1523 1259 1654 1303 domo

273 1350 295 1371 ))
318 1340 460 1375 autem
490 1346 747 1388 magnanon
769 1330 905 1374 solum
930 1347 1027 1374 vasa
1054 1340 1152 1375 sunt
1180 1346 1306 1374 aurea
1351 1340 1392 1374 et
1439 1340 1651 1389 argentea,

273 1421 294 1441 »
314 1400 386 1445 sed
407 1411 448 1444 et
474 1400 631 1459 lignea,
657 1409 699 1444 et
718 1400 865 1445 fictilia
885 1420 895 1452 3
915 1411 956 1444 et
984 1400 1187 1462 quaedam
1212 1399 1390 1462 quidem
1413 1399 1650 1455 honorata,

272 1491 293 1512 >2
313 1469 516 1532 quaedam
541 1486 640 1514 vero
681 1470 945 1514 inhonorata
963 1468 996 1514 1.
1029 1491 1048 1509 ›>
1086 1471 1173 1514 'Nos
1200 1487 1375 1532 operam
1420 1469 1588 1526 demus,
1614 1481 1656 1515 et

272 1551 485 1603 quantum
510 1557 736 1602 possumus
761 1540 1024 1594 lahorean
1051 1551 1097 1585 ut
1120 1557 1194 1585 vas
1216 1556 1392 1585 aureum
1413 1540 1478 1585 vel
1499 1558 1656 1599 argen-

271 1622 389 1656 teum
419 1611 565 1655 simus.
599 1610 818 1655 Caeterum
854 1610 1005 1655 fictilia
1028 1628 1127 1655 vasa
1155 1610 1423 1670 confringere
1459 1610 1536 1655 soli
1565 1612 1655 1655 llo-

267 1681 388 1726 mino
410 1697 661 1725 concessum
689 1692 768 1733 est,
802 1680 872 1725 cui
897 1691 938 1725 et
970 1681 1089 1740 virga
1125 1680 1259 1726 ferrea
1290 1681 1387 1726 data
1414 1682 1525 1726 est‘l.
1555 1682 1653 1726 Esse

274 1769 361 1796 non
387 1762 529 1813 potest
547 1754 682 1809 major
707 1750 885 1795 domino
906 1768 983 1796 suo
1011 1769 1154 1796 servus
1184 1770 1193 1796 :
1221 1769 1273 1796 ne
1296 1753 1525 1815 quisquam
1547 1751 1646 1805 sibi,

271 1821 390 1885 quod
412 1821 489 1865 soli
508 1820 615 1865 Filio
642 1824 769 1865 Pater
794 1822 965 1875 tribuit,
987 1822 1220 1867 vindicarit
1243 1840 1252 1866 :
1286 1833 1388 1867 utse
1411 1832 1553 1885 putet,
1577 1831 1651 1867 aut

270 1892 324 1938 ad
351 1909 487 1936 aream
510 1891 801 1937 ventilandam
831 1903 869 1935 et
897 1892 1167 1953 purgandam
1189 1893 1224 1947 3,
1251 1893 1395 1955 palam
1431 1892 1540 1937 forre
1558 1897 1649 1951 jam

269 1980 411 2026 posse,
437 1972 511 2006 aut
532 1979 554 2006 a
580 1961 797 2006 frumento
837 1962 1033 2006 universa
1069 1963 1229 2008 zizania
1267 1963 1459 2007 humano
1486 1962 1650 2020 iudicio

270 2050 479 2096 separare.
509 2032 708 2094 Superba
733 2043 793 2076 est
835 2033 914 2077 ista
949 2033 1182 2078 obstinatio
1207 2045 1248 2078 et
1289 2034 1491 2092 sacrilega
1529 2050 1650 2096 prae-
1686 2055 1692 2059 ·

267 2104 478 2166 sumptio,
505 2120 637 2165 quam
677 2102 760 2147 sibi
784 2102 906 2147 furor
942 2120 1102 2165 pravus
1122 2105 1300 2148 assumit
1323 2121 1333 2148 ι
1362 2114 1403 2148 et
1424 2103 1528 2148 dum
1566 2103 1649 2148 sibi

269 2192 436 2237 semper
458 2172 635 2236 quidam
665 2173 765 2235 plus
802 2191 931 2235 quam
967 2174 1079 2218 mitis
1101 2175 1264 2233 justitia
1289 2174 1502 2236 deposcit,
1528 2191 1648 2219 assu--

267 2255 410 2296 munt,
432 2243 485 2287 de
514 2242 703 2288 Ecclesia
740 2255 951 2305 pereunt3
982 2254 1023 2287 et
1042 2244 1145 2288 dum
1171 2263 1212 2289 se
1251 2245 1482 2289 insolenter
1511 2243 1648 2289 extol-

265 2314 380 2367 lunt,
402 2315 495 2377 ipso
523 2330 598 2359 suo
621 2324 786 2359 tumore
812 2315 982 2366 caecati,
1007 2315 1193 2360 veritatis
1215 2316 1361 2361 lumen
1381 2315 1601 2361 amittunt.
1627 2336 1646 2355 ι)

330 2384 405 2430 lV.
434 2385 599 2447 Nempe
627 2401 745 2430 nunc
767 2385 914 2430 saltem
934 2384 1067 2438 vides,
1101 2386 1304 2432 adversus
1330 2396 1528 2431 sanctum
1552 2386 1644 2447 Cy-

312 2469 323 2492 1
345 2478 362 2498 2
382 2466 465 2498 Tim.
482 2477 518 2509 11,
539 2477 592 2500 20.
613 2485 658 2490 —
676 2465 692 2488 2
708 2468 791 2502 Psal,
808 2479 845 2506 11,
867 2480 897 2508 9.
919 2486 962 2492 «-
982 2465 995 2489 3
1014 2465 1128 2500 Manli.
1147 2481 1201 2508 111,
1225 2482 1276 2503 12.
