1763 2838
336 283 392 313 An
429 282 699 314 DONATISTAS
736 285 839 316 rosr
875 287 1199 318 corrrrxrtomzn.
1381 275 1458 321 131

94 347 411 405 consentirent,
438 365 625 412 quorum
650 353 742 410 jam
774 350 880 397 fides
916 352 1089 398 tenebat
1110 353 1465 400 resurrectionem

93 429 365 465 mortuorum
383 455 393 475 ,
415 437 500 465 non
522 420 579 466 eis
597 422 807 485 praecepit
827 422 1096 485 corporalem
1117 424 1428 487 separationem
1453 443 1463 470 :

93 489 220 535 multi
242 490 409 554 quippe
434 501 555 536 erant
577 508 587 536 :
618 508 706 536 non
724 492 834 537 sicut
855 491 926 538 ille
942 510 1051 538 unus
1066 531 1075 540 .
1096 495 1171 557 qui
1190 510 1364 542 uxorem
1382 513 1468 559 pa-

94 561 170 606 tris
190 561 254 607 sui
278 561 457 617 habuit,
491 580 617 626 quem
641 563 842 610 liberiore
861 564 1134 628 correptione
1157 577 1198 611 et
1216 583 1470 613 excommu-

92 632 496 693 nicationejudicat
518 634 698 695 dignum
722 651 733 680 z
755 634 881 695 longe
901 633 1023 680 aliter
1041 636 1141 691 iste,
1173 636 1295 683 aliter
1319 636 1471 685 vitiosa

93 703 287 750 curanda
302 714 343 750 ct
355 704 544 750 sananda
563 715 623 750 est
638 703 876 750 multitudo
890 742 899 759 ‚
919 723 971 751 ne
986 705 1096 751 forte
1111 704 1143 750 si
1160 705 1285 770 plebs
1302 725 1325 752 a
1341 706 1471 770 plebe

93 784 332 838 separetur„
356 793 435 839 per
453 776 695 821 schismatis
713 775 829 821 nefas
847 776 975 821 etiam
994 775 1188 821 triticum
1207 776 1466 824 eradicetur.

95 846 180 891 Eos
203 864 302 906 ergo
327 847 403 910 qui
416 850 507 907 jam
529 847 764 893 credebant
794 847 1153 893 resurrectionem
1172 858 1470 905 mortuorum,

95 917 151 964 ab
175 917 244 963 his
279 918 355 981 qui
388 936 480 963 eam
506 917 551 964 in
577 918 727 964 eodem
756 916 923 982 populo
962 935 1050 963 non
1086 918 1350 972 credebant,
1386 936 1475 965 non

95 989 379 1052 corporaliter
408 988 639 1053 Apostolus
657 1000 856 1053 separat:
887 989 959 1035 sed
982 1000 1123 1035 tamen
1143 989 1394 1053 spiritaliter
1408 1008 1476 1036 sc-

93 1076 245 1123 parare
275 1077 363 1105 non
390 1071 549 1116 cessat,
568 1059 715 1106 dicens
739 1078 748 1105 ε
778 1082 797 1102 «
824 1060 969 1106 Nolite
992 1060 1161 1112 seduci,
1184 1070 1478 1125 corrumpunt

95 1150 115 1172 »
140 1147 278 1175 mores
308 1130 446 1176 bonos
478 1129 696 1194 colloquia
729 1129 884 1177 mala1.
915 1152 934 1172 >³
965 1132 1064 1176 Non
1090 1147 1236 1176 corum
1269 1148 1475 1192 congres-

95 1218 190 1247 sum
207 1239 217 1256 ,
256 1200 328 1246 sed
353 1219 607 1247 consensum
629 1202 750 1247 timet
769 1240 779 1257 ‚
813 1219 865 1247 ne
889 1201 1012 1247 malis
1047 1201 1276 1265 colloquiis
1301 1219 1479 1248 accom-

94 1271 273 1317 modent
304 1271 459 1329 fidem,
489 1289 588 1335 quae
611 1284 902 1336 corrumpunt
931 1290 1070 1318 mores
1089 1273 1243 1319 bonos.
1277 1272 1478 1318 Moribus

94 1360 194 1404 ergo
213 1360 283 1389 eos
299 1380 309 1399 ‚
332 1360 419 1389 non
446 1343 653 1389 altaribus
672 1343 875 1388 admonet
890 1343 1093 1407 separari.
1120 1343 1344 1388 Postremo
1363 1353 1479 1388 ante-

93 1431 225 1478 quam
263 1415 320 1460 eis
360 1414 458 1460 haec
497 1414 728 1478 Apostolus
752 1415 960 1460 scriberet
978 1451 988 1467 .
1025 1414 1069 1460 in
1096 1413 1246 1460 eadem
1289 1412 1478 1459 Ecclesia

93 1496 242 1541 erant,
270 1486 347 1549 qui
370 1486 725 1531 resurrectionem
746 1496 1021 1531 mortuorum
1040 1502 1126 1530 non
1147 1483 1408 1541 credebant,
1435 1484 1481 1530 in

94 1572 180 1619 qua
206 1566 327 1602 erant
349 1557 510 1619 quibus
534 1555 647 1601 nihil
675 1555 819 1601 deerat
844 1556 888 1600 in
915 1556 1001 1600 ulla
1027 1555 1162 1615 gratia
1186 1573 1196 1599 ε
1224 1565 1265 1599 et
1293 1554 1355 1599 illi
1375 1555 1476 1600 istos

94 1624 348 1671 infidelitate
388 1643 463 1672 sua
488 1644 575 1672 non
601 1626 921 1690 inquinabant,
954 1625 1053 1688 quia
1086 1625 1152 1670 isti
1178 1624 1261 1669 illis
1288 1624 1343 1669 ad
1363 1642 1476 1669 cain-

95 1694 193 1741 dem
213 1695 511 1741 infidelitatem
535 1714 624 1741 non
643 1696 985 1742 consentiebant.
1020 1695 1131 1740 Ecce
1152 1694 1373 1757 quomodo
1399 1693 1476 1740 illo

94 1783 183 1812 non
216 1767 466 1823 acceditur,
500 1785 552 1813 ne
577 1766 773 1831 quisquis
795 1766 1044 1821 accesserit,
1074 1765 1327 1829 inquinetur
1349 1783 1359 1811 ε
1382 1783 1480 1812 ecce

94 1837 316 1901 quomodo
340 1838 459 1884 nulla
478 1837 760 1902 participatio
782 1847 841 1882 est
862 1836 1017 1882 lumini
1045 1836 1099 1881 ad
1124 1837 1322 1882 tenebras
1346 1853 1355 1882 :
1379 1854 1478 1883 ecce

95 1909 318 1974 quomodo
334 1948 344 1965 ‚
367 1910 565 1974 quamvis
593 1910 705 1955 intra
724 1908 873 1954 eadem
891 1908 993 1954 retia
1012 1917 1161 1953 natent
1177 1908 1315 1971 pisces
1333 1945 1343 1964 ‚
1367 1908 1480 1954 utri-

97 1994 180 2045 que
199 1999 278 2027 ncc
302 1999 432 2027 causa
455 1998 601 2027 causac
633 1979 915 2044 przcjudicat,
947 1997 1025 2025 nec
1049 1996 1234 2043 persona
1262 1996 1471 2042 personae.

163 2053 364 2099 XXXVI.
408 2052 539 2109 Quod
568 2069 668 2097 cum
687 2050 747 2096 ita
771 2053 846 2100 sit,
869 2067 969 2114 quse
996 2060 1081 2094 tam
1101 2049 1237 2094 cruda
1262 2049 1472 2106 stultitia,

99 2125 196 2187 quis
214 2133 300 2169 tam
321 2124 481 2169 ferreus
499 2124 640 2170 cordis
665 2139 840 2167 somnus
856 2139 941 2166 non
960 2121 1201 2165 excutiatur
1216 2157 1227 2175 ,
1255 2121 1477 2182 possitque

101 2194 334 2259 aliquando
360 2195 537 2245 sentire,
567 2192 793 2238 Caeciliani
822 2207 993 2235 eausam
1018 2189 1238 2235 catholico
1260 2189 1356 2234 orbi
1388 2200 1476 2236 ter-

99 2283 274 2320 rarum,
302 2265 371 2311 cui
407 2281 494 2309 non
523 2263 817 2310 communicat
847 2278 947 2324 pars
982 2259 1163 2315 Donati,
1186 2259 1477 2322 praejudicare

101 2355 190 2383 non
223 2353 370 2400 posse,
400 2335 431 2380 si
462 2352 549 2380 non
572 2332 833 2398 praejudicat
853 2331 969 2395 parti
1003 2330 1162 2376 Donati
1185 2346 1314 2376 causa
1343 2332 1475 2380 Maxi-

103 2409 262 2465 miani,
288 2407 353 2454 vel
376 2408 520 2471 potius
547 2423 675 2452 causa
698 2404 898 2450 Feliciani
917 2414 957 2448 et
977 2400 1188 2447 primiani
1206 2401 1338 2447 modo
1365 2420 1475 2450 con-

100 2484 381 2541 junctorum,
421 2477 553 2541 paulo
588 2487 685 2522 ante
720 2476 905 2521 invicem
945 2473 1268 2518 damnatorum.
1308 2474 1479 2521 Sufficit

107 2561 242 2607 certe,
263 2560 312 2596 ut
326 2548 565 2595 secundum
583 2551 700 2612 ipsos
716 2547 964 2611 loquamur,
985 2543 1103 2609 quod
1121 2543 1259 2609 pisces
1277 2544 1381 2592 mali
1400 2547 1481 2592 suh

161 2634 170 2658 ¹
193 2646 204 2666 1
242 2637 315 2668 Cor.
346 2644 376 2674 x,
397 2634 451 2667 33.

1308 2695 1355 2741 ¹1.)-
