1763 2838
297 139 389 195 428
704 155 739 184 5.
782 153 1024 184 AUGUSTINI
1059 153 1261 184 EPISCOPI

295 236 379 281 que
393 218 589 265 futurum
608 236 694 265 esse
711 220 829 283 quod
839 224 952 279 juste
969 219 1154 266 vivimus
1170 240 1181 273 ς
1207 219 1322 265 unde
1341 218 1404 265 illi
1425 235 1472 265 ea
1484 219 1662 283 pietate,

293 306 378 351 qua
398 290 510 336 solus
530 291 736 336 colendus
754 303 831 347 cst,
861 291 1016 350 gratias
1033 290 1212 349 agimus.

365 361 489 407 MK.
527 363 615 406 Nec
632 362 849 408 immerito
868 379 909 407 se
935 361 1165 423 Apostolus
1187 378 1233 405 ex
1253 361 1344 407 1106
1369 361 1549 406 articulo
1567 379 1668 407 con-

301 431 431 475 vertit
450 431 504 476 ad
522 448 591 476 eos
614 448 716 477 cum
735 432 1014 478 detestatione
1033 430 1453 486 commemorandos,
1476 433 1552 493 qui
1565 431 1669 477 vitio

302 500 394 557 illo,
425 501 543 564 quod
569 503 766 565 superius
789 502 1052 558 memoravi,
1080 501 1193 547 leves
1214 500 1405 546 etinflati
1420 537 1431 556 ‚
1462 518 1510 545 ac
1528 518 1607 564 per
1630 518 1671 546 se

300 571 415 633 ipsos
433 572 552 617 velut
574 590 651 634 per
671 573 796 619 inane
815 572 1000 628 sublati,
1022 571 1101 616 ubi
1120 588 1208 616 non
1236 570 1575 633 requiescerent,
1598 571 1669 616 sed

300 639 428 686 fracti
453 641 714 698 dissilirent,
742 644 788 688 in
812 644 1016 702 figmenta
1032 641 1252 686 idolorum
1272 651 1478 703 tanquam
1497 641 1541 685 in
1564 640 1674 703 lapi-

303 710 377 755 des
403 711 673 759 deciderunt.
708 714 822 769 Quia
846 714 960 758 enim
993 711 1372 757 commendaverat
1395 711 1599 774 pietatem
1617 711 1674 755 fi-

303 780 399 833 dei,
429 798 516 843 qua
542 783 871 842 Deojustificati
898 784 1007 843 grati
1031 800 1116 828 esse
1144 782 1374 838 debemus,
1411 781 1530 827 velut
1567 798 1676 827 con-

303 852 484 896 trarium
521 853 640 915 quod
682 853 992 898 detestaremur
1034 852 1301 898 subinferens
1330 870 1340 897 :
1390 873 1409 892 α
1444 851 1678 899 Revelatur

303 942 323 961 υ
344 921 456 966 enim
472 959 482 977 ‚
508 923 674 985 inquit,
702 924 764 968 ira
790 924 869 968 Dei
889 924 941 967 de
967 922 1081 968 coelo
1106 939 1236 984 super
1267 939 1437 967 omnem
1470 921 1678 984 impieta-

303 1011 324 1032 »
345 1001 429 1035 tem
461 1002 502 1036 et
536 992 791 1052 injustitiam
816 993 1048 1038 hominum
1073 1008 1221 1036 eorum
1237 1028 1248 1048 ,
1288 992 1364 1054 qui
1386 991 1611 1037 veritatem
1632 991 1678 1036 in

304 1081 324 1101 ›>
342 1061 552 1120 injustitia
572 1062 764 1108 detinent
787 1081 797 1108 :
821 1064 923 1126 quia
944 1062 1065 1126 quod
1082 1073 1235 1108 notum
1259 1073 1320 1107 est
1338 1062 1443 1119 Dei,
1471 1061 1678 1107 manifes-

307 1152 327 1171 »
354 1141 445 1176 tum
467 1143 527 1177 est
541 1133 583 1177 in
610 1133 696 1179 illis
716 1154 726 1187 ς
744 1137 864 1179 Deus
879 1134 994 1178 enim
1014 1132 1096 1178 illis
1109 1131 1414 1179 manifestavit.
1440 1130 1683 1178 Invisibilia

303 1223 323 1243 ›>
349 1202 462 1247 enim
482 1207 571 1262 ejus
591 1222 613 1249 a
633 1215 831 1250 creatura
855 1204 1029 1259 mundi,
1051 1221 1130 1266 per
1149 1220 1195 1248 ea
1212 1220 1311 1266 quae
1333 1203 1449 1248 facta
1469 1213 1586 1259 sunt,
1614 1201 1680 1247 in-

304 1294 324 1313 »
342 1273 511 1320 tellecta
527 1276 877 1338 conspiciuntur,
901 1275 1161 1338 sempiterna
1175 1291 1349 1337 quoque
1367 1275 1501 1320 virtus
1525 1277 1614 1332 ejus
1629 1289 1678 1318 ac

304 1365 324 1385 ›>
342 1344 561 1401 divinitas,
580 1347 721 1391 utsint
734 1346 1066 1392 inexcusabiles:
1083 1345 1186 1408 quia
1197 1355 1502 1404 cognoscentes
1518 1345 1674 1399 Deum,

305 1435 325 1454 »
349 1431 436 1458 non
463 1425 510 1459 ut
535 1416 675 1460 Deum
701 1416 1081 1474 glorificaverunt,
1105 1425 1179 1459 aut
1204 1415 1363 1473 gratias
1389 1424 1585 1472 egerunt,
1607 1412 1681 1459 sed

306 1505 325 1525 ³>
343 1496 612 1531 evanuerunt
638 1486 683 1531 in
719 1486 1058 1546 cogitationibus
1094 1485 1205 1540 suis,
1234 1495 1277 1530 et
1313 1485 1595 1530 obscuratum
1620 1494 1684 1529 est

305 1576 325 1596 »
348 1555 554 1618 insipiens
579 1574 655 1602 cor
673 1575 821 1603 eorum
844 1575 854 1601 ε
887 1557 1078 1602 dicentes
1105 1574 1145 1601 56
1168 1573 1254 1601 6556
1281 1557 1494 1619 sapientes
1517 1593 1528 1611 ‚
1563 1555 1680 1601 stulti

307 1647 327 1667 ›)
346 1627 449 1672 sacti
474 1638 595 1681 sunt,
634 1639 676 1673 et
711 1639 991 1673 mutaverunt
1015 1628 1196 1687 gloriam
1232 1624 1579 1689 incorruptibilis
1606 1625 1685 1670 Dei

308 1695 392 1739 »in
415 1696 743 1742 similitudinem
765 1698 964 1757 imaginis
987 1697 1288 1760 corruptibilis
1312 1697 1520 1751 hominis,
1552 1706 1594 1741 et
1612 1712 1684 1741 vo-

307 1786 327 1805 »
348 1765 539 1822 lucrum,
557 1778 598 1811 et
618 1767 956 1830 quadrupedum
973 1804 983 1823 ‚
1005 1779 1046 1812 et
1063 1767 1342 1829 serpentium.
1370 1789 1384 1807 »
1414 1766 1522 1811 Vide
1538 1782 1686 1828 quem-

307 1835 546 1882 admodum
564 1855 651 1882 non
674 1854 743 1882 eos
766 1837 919 1882 dixerit
941 1837 1133 1882 veritatis
1159 1837 1329 1896 ignaros
1344 1873 1355 1892 ‚
1383 1835 1456 1880 sed
1479 1835 1598 1898 quod
1615 1852 1689 1881 ve-

306 1906 477 1951 ritatem
514 1907 559 1951 in
584 1907 816 1970 iniquitate
850 1907 1130 1953 detinuerint.
1160 1906 1274 1962 Quia
1296 1923 1396 1950 vero
1421 1905 1686 1950 occurrebat

308 1977 473 2031 animo,
502 1987 550 2022 ut
572 1988 840 2040 quaereretur
862 2014 874 2033 ,
915 1977 1028 2021 unde
1058 1976 1142 2021 illis
1168 1992 1254 2020 esse
1276 1975 1470 2038 potuerit
1497 1973 1687 2033 cognitio

309 2047 528 2104 veritatis,
558 2047 720 2110 quibus
758 2049 874 2092 Deus
908 2047 1044 2106 legem
1070 2063 1158 2091 non
1195 2044 1402 2098 dederat3
1438 2060 1576 2107 neque
1601 2043 1688 2088 1106

310 2118 447 2162 tacuit
489 2117 604 2163 unde
639 2117 801 2163 habere
843 2117 1066 2180 potuerint
1103 2134 1114 2160 :
1157 2132 1235 2178 per
1267 2114 1455 2159 visibilia
1503 2129 1689 2175 namque

312 2199 522 2233 creaturae
554 2188 799 2250 pervenisse
824 2205 894 2232 eos
926 2187 1033 2232 dixit
1056 2186 1110 2231 ad
1143 2185 1473 2244 intelligentiam
1497 2183 1689 2229 invisibi-

311 2258 418 2302 lium
446 2258 678 2304 Creatoris.
719 2258 939 2313 Quoniam
973 2274 1146 2311 revera,
1187 2256 1299 2301 sicut
1335 2272 1490 2314 magna
1520 2253 1689 2313 ingenia

311 2345 503 2390 quaerere
527 2329 841 2391 perstiterunt,
881 2328 939 2373 sic
978 2328 1170 2374 invenire
1194 2336 1447 2390 potuerunt.
1472 2325 1557 2370 Ubi
1589 2341 1689 2383 ergo

312 2398 541 2461 impietas?
578 2422 591 2437 υ
619 2399 734 2455 Quia
758 2398 962 2444 videlicet
986 2415 1087 2443 cum
1104 2398 1404 2457 cognovissent
1422 2397 1579 2450 Deum,
1603 2411 1690 2439 non

307 2491 327 2511 ›>
352 2469 464 2514 sicut
495 2469 637 2514 Deum
672 2468 1024 2528 glorificaverunt
1043 2505 1053 2523 ,
1079 2478 1153 2514 aut
1187 2467 1343 2527 gratias
1374 2476 1581 2526 egerunt,
1617 2463 1689 2510 sed
