1763 2838
280 107 370 163 430
696 118 730 145 s.
778 114 1019 147 AUGUSTINI
1054 115 1260 146 muscom

281 195 418 230 »runt
443 193 516 231 aut
544 180 699 242 gratias
716 197 811 239 e³e1
816 190 921 236 unt
949 179 1137 226 dicentes
1161 198 1203 226 se
1225 196 1310 225 0550
1334 179 1600 258 sapientes4·
1591 215 1601 225 .
1625 201 1644 221 ›>

279 257 339 302 ita
363 272 431 300 eos
454 253 531 318 qui
547 269 623 316 pei
642 251 778 311 le<³em
799 261 1064 310 cognoscunt
1093 250 1460 314 quemadmodum
1483 251 1536 296 sit
1558 251 1644 296 ho—

280 325 389 371 mini
411 342 480 371 xix
485 322 672 378 endum
700 339 788 368 non
817 321 1138 386 Justilicatipsa
1156 322 1369 381 cognitio,
1401 322 1502 386 quia
1522 344 1541 363 ι(
1560 339 1641 369 vo-

281 418 303 439 »
325 396 458 441 lentes
476 412 596 443 suam
611 393 825 454 J'ustitiam
849 392 1106 439 constituere
1126 430 1137 450 ,
1152 392 1292 453 justiti
1297 410 1333 438 az
1348 393 1426 438 Dei
1444 410 1531 438 non
1545 405 1645 439 sunt

284 488 304 508 ))
326 466 554 524 SU})jCC[i2.
582 488 596 505 ³)

347 536 468 583 XXI.
499 537 583 581 Lex
606 551 705 595 ergo
726 534 939 581 factorum
960 571 970 589 ,
993 533 1039 579 id
1068 543 1145 587 est,
1174 551 1357 598 operum
1379 571 1391 591 ‚
1422 552 1501 598 per
1523 551 1655 598 quam

284 623 372 652 non
391 605 634 656 excluditur
666 605 740 651 illa
766 605 965 665 gloriatio
983 641 993 660 ‚
1024 615 1066 649 et
1089 603 1153 650 lex
1180 604 1309 662 fidei,
1334 623 1412 668 per
1437 622 1567 669 quam
1591 622 1657 650 ex-

285 677 478 722 cluditur
496 714 508 734 ,
535 694 622 742 quo
640 677 751 722 inter
775 693 817 722 se
841 676 1040 729 disserant
1058 675 1094 732 3,
1117 693 1245 739 opere
1262 676 1454 739 pretium
1467 687 1529 722 est
1549 693 1658 723 con-

287 748 472 793 siderare
495 785 506 805 ‚
542 749 576 794 si
611 758 750 794 tamen
774 746 967 794 valemus
997 746 1216 796 advertere
1249 757 1375 810 atque
1400 746 1653 805 discernere.

288 819 386 864 Cito
405 819 519 864 enim
540 819 722 882 quisque
737 817 1035 878 dixeritlegem
1054 836 1238 882 operum
1250 835 1334 865 esse
1351 818 1396 864 in
1421 818 1657 879 judaismo,

285 890 421 949 legem
442 884 585 935 autem
617 889 719 940 fidei
739 889 786 934 in
811 888 1132 935 christianismo
1150 926 1161 945 ‚
1186 899 1418 952 propterea
1455 889 1557 954 quia
1581 889 1662 934 cir-

288 960 497 1005 cumcisio
519 970 761 1027 caeteraque
776 975 906 1022 opera
922 958 1024 1004 talia
1041 958 1143 1018 legis
1158 969 1257 1005 sunt
1275 996 1286 1015 ‚
1306 976 1404 1022 quae
1428 959 1664 1007 christiana

282 1035 375 1091 jam
397 1031 626 1095 disciplina
650 1047 737 1075 non
773 1040 912 1077 servat
935 1047 945 1074 :
973 1029 1046 1075 sed
1068 1040 1281 1093 quantuni
1314 1030 1435 1077 sallat
1468 1031 1546 1076 ista
1581 1029 1665 1083 dis-

291 1103 442 1158 cretio,
477 1106 573 1161 jaun
614 1101 689 1154 diu
716 1100 894 1164 quidem
927 1111 1062 1150 estut
1099 1101 1304 1152 molimur
1340 1100 1591 1160 ostendere²
1625 1110 1667 1145 et

292 1174 430 1220 acutis
455 1172 508 1218 ad
530 1171 872 1231 dignoscendum
889 1208 901 1228 ‚
930 1172 1098 1236 tibique
1129 1172 1405 1235 potissimum
1433 1190 1481 1220 ac
1507 1171 1666 1223 talibus

290 1244 471 1290 fortasse
480 1248 571 1303 jam
587 1243 850 1298 ostendimus
873 1261 883 1288 ι
902 1254 1199 1290 verumtamen
1211 1245 1418 1307 quoniam
1434 1260 1497 1289 res
1514 1260 1668 1302 magna

293 1326 355 1361 est
373 1353 383 1371 ,
404 1333 493 1360 non
507 1315 840 1374 incongruenter
861 1314 905 1359 in
922 1332 969 1360 ea
990 1314 1303 1364 manifestanda
1319 1315 1524 1378 pluribus
1539 1313 1668 1361 etiam

299 1397 428 1448 atque
465 1386 592 1430 etiam
630 1385 884 1430 testimoniis
906 1386 1205 1433 immoramur.
1249 1388 1395 1449 Ipsam
1420 1385 1533 1431 enini
1563 1384 1670 1430 dicit

294 1456 429 1515 legem
451 1473 499 1501 ex
530 1473 615 1518 qua
635 1456 1041 1515 nemojustisicatur
1062 1492 1072 1511 ‚
1111 1473 1243 1519 quam
1273 1457 1380 1502 dicit
1405 1457 1668 1503 subintrasse

297 1537 344 1572 ut
371 1526 614 1575 abundaret
637 1525 846 1577 delictum
864 1525 881 1554 l*
901 1562 911 1580 ,
938 1543 1070 1589 quam
1096 1537 1240 1572 tamen
1264 1545 1316 1573 ne
1347 1527 1578 1590 quisquam
1610 1526 1668 1572 ob

296 1598 383 1642 hoc
407 1597 634 1660 imperitus
669 1607 864 1656 argueret
895 1607 935 1642 et
975 1597 1204 1657 sacrilegus
1240 1608 1490 1654 accusaret,
1520 1596 1671 1642 defen-

299 1668 363 1712 dit
389 1685 480 1713 eam
503 1704 513 1723 ‚
541 1667 716 1712 dicens:
746 1688 766 1708 (ι
793 1667 912 1723 Quid
945 1684 1044 1728 ergo
1079 1668 1300 1720 dicemus?
1326 1670 1411 1714 Lex
1443 1679 1673 1731 peccatum

300 1759 321 1780 »
341 1741 434 1783 est?
458 1738 612 1783 Absit:
643 1737 715 1782 sed
741 1748 970 1799 peccatum
992 1756 1080 1784 non
1103 1740 1287 1799 cognovi
1310 1739 1389 1793 nisi
1410 1756 1486 1802 per
1508 1739 1671 1800 legem:

303 1830 322 1851 υ
343 1826 444 1854 nam
475 1807 873 1871 concupiscentiam
898 1810 1142 1860 nesciebam
1172 1811 1251 1859 nisi
1277 1810 1340 1855 lex
1361 1810 1552 1866 diceret,
1578 1812 1674 1855 Non

302 1903 321 1922 »
343 1880 638 1944 concupisces.
683 1879 922 1925 Occasione
957 1880 1103 1943 itaque
1124 1891 1301 1943 accepta
1329 1891 1559 1943 peccatum
1600 1897 1677 1943 per

303 1973 322 1992 >J
342 1950 595 1997 mandatum
638 1960 865 2011 operatum
905 1960 967 1995 est
999 1951 1043 1996 in
1068 1969 1134 1996 me
1161 1968 1332 1997 omnem
1357 1950 1677 2013 eoncupiscen-

305 2043 324 2063 >>
344 2020 496 2066 tiam5.
523 2042 543 2061 >2
571 2019 688 2064 Dicit
714 2019 843 2064 etiam
863 2057 873 2075 ‚
914 2021 997 2065 Lex
1017 2021 1193 2083 quidem
1228 2031 1372 2066 saneta
1391 2058 1401 2077 ‚
1431 2031 1471 2066 et
1493 2019 1678 2066 manda-

306 2114 326 2134 »
351 2102 439 2137 tum
466 2099 663 2135 sanctum
701 2099 743 2133 et
774 2093 942 2149 justum
976 2101 1017 2140 et
1048 2091 1242 2146 bonum3
1270 2090 1341 2136 sed
1370 2102 1599 2155 peccatum
1633 2101 1680 2136 ut

305 2184 324 2203 >J
347 2170 557 2225 appareat
572 2169 820 2222 peceatum,
837 2178 914 2222 per
928 2160 1096 2212 bonum
1117 2161 1226 2211 mihi
1240 2172 1465 2224 operatum
1479 2172 1540 2207 est
1558 2178 1680 2206 mor-

308 2254 326 2274 »
355 2243 437 2277 tem
452 2232 485 2276 ⁰.
507 2253 521 2270 ³>
549 2231 647 2292 Ipsa
667 2240 727 2274 est
748 2247 846 2289 ergo
868 2230 1009 2276 littera
1032 2232 1248 2288 occidens3
1270 2249 1371 2295 quae
1393 2232 1499 2287 dicit
1517 2250 1526 2276 ι
1544 2253 1563 2273 α
1581 2233 1680 2277 Νοιι

307 2324 328 2345 5)
352 2299 632 2363 concupisces
661 2316 671 2344 ε
700 2322 714 2340 »
740 2300 793 2346 de
813 2318 899 2364 qua
918 2302 1021 2347 item
1039 2302 1147 2348 dicit
1165 2302 1283 2366 quod
1300 2302 1433 2366 paulo
1452 2313 1548 2349 ante
1563 2318 1680 2347 com-

357 2402 366 2425 ¹
387 2404 484 2432 Rom.
516 2410 545 2439 1,
570 2409 624 2431 21.
642 2415 686 2421 —-
704 2397 719 2421 2
736 2399 786 2435 Id.
815 2411 847 2441 x,
868 2401 956 2435 3.-
976 2398 1212 2442 31d.111,27.
1241 2420 1281 2427 ——
1312 2397 1326 2424 4
1344 2402 1390 2434 Id.
1417 2413 1446 2442 v,
1465 2412 1577 2435 20.—
1596 2399 1609 2424 ⁵
1627 2401 1678 2438 Id.

309 2467 367 2497 vu,
386 2446 607 2495 7·--⁶1bid.
628 2459 679 2481 12.
1439 2444 1444 2446 ’
