1763 2838
83 159 138 189 DE
173 157 463 190 PECCATORUM
497 155 675 186 MERths
711 155 764 184 ΕΤ
800 154 1086 194 ΒΕΜῙΒΒΙΟΝΕ,
1126 153 1212 185 LtB.
1256 155 1286 185 Ι.
1363 141 1449 187 321

84 246 104 267 υ
123 224 196 271 sed
223 224 383 270 habeat
401 222 533 268 vitam
553 231 773 268 aeternam.
802 222 899 266 Non
912 221 1023 265 enim
1048 219 1163 265 misit
1188 221 1300 267 Deus
1318 222 1456 269 filium

84 316 104 337 >³
125 312 251 341 suum
274 296 318 340 in
344 293 577 348 mundum,
604 292 829 351 utjudicet
853 291 1086 348 mundum,
1111 291 1183 337 sed
1206 303 1253 337 ut
1273 293 1459 340 salvetur

84 366 312 412 »mundus
341 382 417 427 per
439 365 598 427 ipsum.
626 364 711 419 Qui
735 363 872 408 credlt
890 363 932 407 in
952 378 1069 415 eum,
1098 379 1187 407 non
1207 363 1456 422 judicatur:

83 457 104 478 »
122 436 198 499 qui
219 446 361 481 autem
380 452 469 480 non
493 433 630 479 credit
649 471 659 488 ,
683 437 770 492 jam
790 433 1012 493 judicatus
1030 443 1108 487 est,
1133 434 1235 496 quia
1259 451 1344 479 non
1365 452 1462 480 cre-

84 529 104 549 »
121 507 184 553 dit
209 507 253 552 in
271 506 443 552 nomine
470 505 676 566 unigeniti
710 505 805 550 Filii
840 504 931 550 Dei.
965 504 1061 548 Hoc
1087 515 1148 549 est
1173 515 1315 550 autern
1339 506 1462 565 judi-

84 600 106 621 »
123 579 258 633 cium,
285 578 384 640 quia
403 577 473 622 lux
493 577 611 622 venit
632 577 675 621 in
695 574 927 630 mundum,
955 585 995 619 et
1008 574 1246 620 dilexerunt
1265 576 1463 623 homines

83 669 104 690 ›>
124 649 257 708 magis
284 648 500 703 tenebras,
522 664 654 710 quam
679 647 834 692 lucem.
875 646 1009 690 Erant
1033 646 1146 689 enim
1177 663 1326 690 eorum
1349 648 1463 693 mala

85 741 105 761 ›>
128 736 272 782 opera.
305 719 459 764 Omnis
483 719 596 763 enim
621 718 695 780 qui
721 716 831 761 male
851 716 938 775 agit
958 753 968 768 ,
994 715 1086 760 odit
1110 715 1253 760 lucem
1274 753 1284 769 ,
1315 728 1355 762 et
1379 736 1464 763 non

85 789 244 834 »venit
270 788 321 834 ad
344 788 504 841 lucem,
532 798 579 832 ut
604 804 692 832 non
713 796 949 845 arguantur
974 802 1104 847 opera
1129 789 1249 845 ejus:
1273 788 1350 850 qui
1383 805 1465 833 au-

85 880 105 900 »
126 869 211 903 tem
233 857 337 903 facit
362 858 586 904 veritatem
607 895 616 906 .
645 857 762 902 venit
791 856 845 901 ad
868 856 1007 901 lucem
1027 894 1036 903 .
1065 866 1112 900 ut
1136 856 1466 903 manifestentur

84 950 105 971 >2
126 932 215 988 ejus
238 945 394 992 opera,
418 928 519 991 quia
539 929 584 972 in
608 930 694 972 Deo
714 938 814 972 sunt
835 926 988 973 tacta‘l.
1011 950 1024 966 υ
1044 926 1143 971 Huc
1166 943 1300 989 usque
1323 939 1385 973 est
1411 928 1465 973 ad

83 1015 173 1044 rem
189 1036 200 1054 ‚
232 998 284 1044 de
304 1014 389 1061 qua
410 998 648 1061 quaerimus
665 1035 674 1052 ‚
699 998 916 1060 pertinens
939 1009 1053 1041 totus
1087 1014 1225 1041 sermo
1255 998 1325 1043 ille
1352 1016 1463 1044 con--

89 1079 224 1114 textus
248 1086 258 1113 :
283 1067 461 1131 deineps
480 1069 525 1113 in
551 1068 669 1114 aliud
694 1078 892 1113 narrator
916 1067 1123 1113 abscedit.

150 1140 242 1185 LX.
274 1139 386 1184 Cum
405 1156 505 1198 ergo
527 1139 789 1185 Nicodemus
811 1158 855 1184 ea
882 1156 981 1202 (piae
1004 1138 1267 1183 dicebantur
1292 1157 1375 1184 non
1402 1140 1466 1184 in-

82 1210 305 1270 telligeret,
339 1210 538 1272 quaesivit
559 1228 581 1255 a
605 1210 790 1255 Domino
815 1209 1036 1272 quomodo
1052 1220 1225 1271 possent
1244 1211 1322 1254 ista
1348 1210 1455 1256 fieri.

85 1279 317 1324 Videamus
353 1278 460 1342 quid
498 1279 710 1324 Dominus
733 1279 786 1324 ad
829 1284 913 1324 hoc
951 1277 1224 1340 respondeat,
1266 1279 1468 1325 Profecto

84 1350 199 1395 enim
217 1349 250 1394 si
287 1348 341 1395 ad
373 1349 633 1409 interrogata
670 1349 928 1412 respondere
953 1348 1224 1407 dignal.)itur.
1248 1350 1469 1411 quomodo

84 1429 267 1482 possunt
286 1419 365 1464 ista
390 1420 481 1464 fieri
505 1436 517 1464 t
547 1419 632 1464 hoc
656 1419 851 1464 dicturus
877 1430 954 1473 est,
979 1417 1201 1481 quomodo
1228 1421 1361 1481 possit
1382 1421 1470 1465 tieri

85 1490 346 1549 regeneratio
367 1489 572 1552 spiritalis
587 1491 795 1535 venientis
814 1490 1003 1535 hominis
1021 1506 1065 1533 ex
1086 1490 1356 1547 generatione
1378 1508 1470 1534 car-

86 1559 187 1605 nali.
215 1561 371 1604 Notata
396 1561 542 1623 itaque
567 1560 795 1622 paululum
813 1566 902 1619 eJus
935 1561 1151 1621 imperitia
1173 1596 1182 1613 ‚
1212 1560 1285 1621 qui
1317 1577 1358 1604 se
1379 1577 1469 1605 cze-

86 1630 185 1674 teris
205 1629 258 1674 de
282 1630 526 1689 magisterio
549 1630 836 1693 praeferebat,
861 1641 902 1675 et
928 1630 1124 1674 oninium
1145 1628 1294 1677 talium
1323 1631 1469 1676 incre-

86 1699 268 1746 dulitate
309 1700 569 1763 reprehensa
586 1721 596 1754 3
616 1701 737 1764 quod
773 1701 1067 1746 testimonium
1104 1718 1190 1745 non
1223 1702 1471 1764 acciperent

85 1771 304 1823 veritati83
331 1770 500 1816 addidit
516 1772 645 1816 etiam
661 1789 701 1817 se
717 1771 979 1817 illisterrena
1003 1771 1172 1825 dixisse,
1195 1788 1272 1815 nec
1290 1788 1360 1816 eos
1379 1790 1470 1817 cre-

85 1839 260 1895 didisse,
299 1857 498 1904 quaerens
528 1841 595 1887 vel
625 1840 845 1886 admirans
865 1841 1088 1904 quomodo
1110 1852 1247 1886 essent
1271 1842 1463 1888 coelestia

86 1910 308 1957 credituri.
340 1911 546 1975 Sequitur
565 1922 705 1956 tamen
726 1912 1029 1975 (ξω-0511001101,
1048 1912 1164 1974 quod
1186 1912 1255 1957 alii
1271 1913 1466 1969 credent,

86 1982 120 2026 si
139 1981 200 2026 illi
221 1998 310 2027 non
346 1983 554 2036 credunt,
587 1981 640 2027 ad
665 1983 775 2028 illud
794 1982 915 2046 quod
942 1983 1225 2041 interrogatus
1247 1994 1325 2038 est,
1353 2001 1469 2047 quo-

85 2051 218 2097 modo
246 2053 413 2114 possint
439 2054 518 2098 ista
541 2053 632 2098 fieri
656 2071 666 2097 :
696 2076 714 2093 α
735 2056 892 2107 Nemo,
916 2054 1077 2115 inquit.
1105 2053 1357 2098 ascenditin
1371 2071 1468 2099 coe-

88 2144 107 2164 »
132 2122 243 2168 lum.
260 2123 339 2167 nisi
355 2122 493 2184 quide
511 2122 624 2168 coelo
642 2123 882 2170 descendit.
904 2124 1035 2168 Filius
1054 2123 1238 2167 hominis
1255 2124 1329 2185 qui
1345 2136 1405 2169 est
1424 2127 1467 2170 in

88 2192 235 2238 »coelo
260 2191 293 2238 1.
319 2214 340 2233 υ
362 2193 452 2249 Sic,
475 2193 631 2256 inquit,
654 2195 726 2238 fiet
747 2194 962 2253 generatio
983 2193 1204 2255 spiritali&
1225 2205 1271 2237 ut
1289 2194 1471 2242 sintcoe-

86 2264 209 2309 lestes
237 2263 434 2309 homines
466 2281 513 2309 ex
542 2266 744 2317 terrenisz,
771 2265 886 2328 quod
916 2265 1097 2327 adipisci
1125 2281 1210 2308 non
1231 2275 1466 2327 poterunt,

88 2334 169 2379 nisi
206 2334 402 2379 membra
426 2351 521 2379 mea
561 2334 827 2391 efficiantur,
858 2346 907 2380 ut
929 2335 1019 2397 ipse
1045 2334 1245 2380 ascendat
1268 2336 1342 2397 qui
1371 2336 1470 2383 des-

88 2403 260 2463 cendit3
288 2404 393 2469 quia
415 2422 542 2451 nemo
561 2406 754 2453 ascendit
773 2444 783 2464 ,
813 2406 893 2453 nisi
913 2406 989 2469 qui
1002 2405 1238 2452 descendit.
1258 2407 1349 2452 nisi
1367 2425 1467 2468 ergo

139 2488 273 2521 ¹Joan.
290 2499 340 2524 m,
361 2490 415 2522 13.

225 2553 320 2584 ext.
1283 2557 1334 2586 21
