1763 2838
303 77 395 127 538
705 99 740 132 S.
783 98 1026 135 Aneusrlm
1061 103 1263 138 Emscom

302 161 458 218 Voluit,
480 179 548 210 me
565 181 740 231 quoque
758 168 942 233 aliquem
966 168 1195 234 deputans,
1218 172 1295 237 qui
1315 190 1416 220 cum
1441 173 1527 222 illis
1552 192 1670 223 com-

303 237 532 281 memorari
556 236 709 297 dignus
733 241 914 289 viderer.
943 243 1064 288 Unde
1082 244 1270 303 ingratus
1289 263 1373 291 esse
1402 263 1489 291 non
1512 245 1664 304 debeo,

302 311 343 345 et
364 301 640 353 familiariore
662 311 815 357 affectu
838 312 970 358 nolim
992 323 1040 359 ut
1070 324 1198 369 erret,
1220 316 1295 377 qui
1316 316 1439 361 hunc
1458 317 1568 362 mihi
1590 317 1669 363 de-

299 372 400 417 tulit
423 374 647 425 honorem.
694 381 839 428 Prima
875 385 989 428 enim
1022 401 1121 447 quae
1155 385 1301 447 posuit
1330 422 1341 441 ,
1377 386 1479 448 quia
1511 404 1668 432 nomen

297 445 480 507 ejusqui
510 463 558 492 ea
593 449 698 495 dixit
739 452 863 515 (21),
894 471 980 499 non
1011 454 1074 499 ibi
1100 453 1206 513 legi,
1233 454 1319 499 sive
1355 455 1456 517 quia
1479 455 1549 500 ille
1580 473 1667 502 non

296 513 497 576 scripsit,
521 519 608 565 sive
624 523 726 584 quia
763 524 895 570 codex
924 542 1053 588 quem
1086 525 1256 570 misistis
1280 563 1292 581 ‚
1329 524 1374 570 id
1396 524 1537 588 aliqua
1559 525 1669 572 forte

295 584 578 634 mendositate
596 608 684 637 non
702 592 860 640 habuit
876 633 885 648 ,
909 606 1170 659 pertractare
1193 594 1300 659 quid
1322 611 1432 658 opus
1451 598 1546 641 est?
1565 598 1667 643 Ma-

292 652 401 699 xime
425 659 632 718 quoniam
656 679 724 709 me
752 663 797 709 in
831 665 1084 725 hujusmodi
1108 664 1406 729 quorumlibet
1432 664 1664 711 hominum

294 723 464 786 seriptis
484 728 671 776 liberum
695 734 827 798 (quia
843 736 941 781 solis
969 736 1187 782 canonicis
1206 735 1343 781 debeo
1371 735 1459 781 sine
1486 734 1573 780 ulla
1594 752 1664 782 re-

293 796 514 843 cusatione
532 817 784 849 consensum
802 842 812 860 ‚
832 804 847 867 )
874 806 984 851 nihil
1011 817 1153 853 movet
1175 805 1294 870 quod
1318 804 1371 850 de
1390 804 1504 850 illius
1528 805 1665 868 serip-

292 861 345 906 tis
368 900 378 918 ‚
408 871 533 927 eujus
550 888 705 918 nomen
727 892 815 920 non
832 875 894 920 ibi
918 876 1080 933 inveni,
1106 877 1177 921 ille
1200 876 1347 940 posuit
1373 893 1382 920 :
1409 896 1428 915 «
1455 875 1664 937 Oportuit

292 935 545 992 magistrum
563 940 869 1008 doctoremque
886 946 1058 991 virtutis
1074 946 1246 991 homini
1265 945 1531 991 simillimum
1552 945 1660 1001 fieri,

291 1011 340 1045 Ut
375 1005 586 1056 vincendo
625 1026 856 1076 peecatum
895 1016 1049 1062 doceat
1080 1016 1307 1062 hominem
1346 1014 1518 1061 vincere
1542 1031 1664 1076 posse

288 1080 565 1134 peceatum4.
585 1104 605 1124 ›>
644 1085 878 1141 Quomodo
909 1087 1022 1133 enim
1045 1087 1212 1134 dictum
1249 1087 1327 1141 sit,
1350 1095 1499 1131 auctor
1530 1084 1663 1144 liujus

287 1149 508 1195 senteniiae
531 1153 712 1211 viderit,
741 1157 928 1220 qualiter
950 1159 1089 1221 possit
1117 1174 1325 1221 exponere
1352 1174 1362 1201 :
1393 1156 1500 1201 dum
1521 1165 1662 1200 tamen

285 1229 364 1259 nos
399 1219 577 1268 minime
611 1224 862 1272 dubitemus
884 1264 894 1282 ‚
932 1239 1162 1290 peecatum
1187 1227 1412 1273 Christum
1437 1225 1481 1270 in
1505 1242 1546 1270 se
1571 1241 1660 1270 non

284 1282 488 1335 habuisse
507 1294 627 1355 quod
646 1296 852 1351 vinceret,
881 1298 957 1360 qui
974 1309 1100 1343 natus
1124 1309 1185 1343 est
1204 1298 1249 1343 in
1272 1295 1554 1342 similitudine
1567 1312 1655 1340 car-

284 1353 348 1398 nis
372 1361 557 1418 peccati,
582 1380 668 1408 non
694 1366 739 1410 in
764 1383 891 1411 carne
915 1368 1099 1428 peceati.
1124 1367 1256 1412 Aliud
1282 1365 1475 1424 ejusdem
1498 1365 1557 1410 ita
1574 1381 1659 1427 po-

284 1424 367 1468 SUit
392 1444 401 1470 ἓ
432 1449 451 1469 α
471 1431 526 1475 Et
549 1432 723 1489 iterum,
752 1435 810 1480 Ut
834 1435 1054 1481 desideriis
1073 1437 1213 1482 earnis
1238 1434 1455 1489 edomitis,
1483 1434 1657 1479 doceret

283 1508 369 1538 non
398 1501 658 1548 necessitatis
689 1522 774 1550 esse
805 1523 1013 1568 peceare,
1049 1507 1119 1552 sed
1148 1505 1364 1571 propositi
1385 1521 1434 1549 ae
1451 1503 1656 1550 volunta-

281 1563 332 1608 ῒῖδ
353 1564 386 1613 ¹·
416 1589 436 1609 ³>
467 1571 556 1630 Ego
593 1573 801 1621 desideria
831 1577 970 1622 carnis
992 1577 1049 1636 (si
1083 1594 1170 1628 non
1200 1576 1453 1621 illicitarum
1494 1591 1655 1620 concu-

276 1634 586 1694 piscentiarum
605 1643 680 1689 hie
701 1644 933 1708 dicuntur)
961 1647 1150 1711 aceipio‚
1173 1646 1298 1692 sicuti
1325 1655 1386 1690 est
1408 1644 1542 1689 fames
1565 1681 1576 1699 ‚
1601 1644 1654 1689 si-

279 1703 349 1752 tis.
377 1709 550 1757 refectio
585 1713 847 1761 lassitudinis
866 1754 877 1773 ,
908 1727 949 1762 et
981 1718 1014 1762 si
1047 1717 1153 1781 quid
1188 1714 1445 1780 hujusmodi
1467 1725 1542 1760 est.
1569 1714 1653 1760 Per

277 1772 376 1820 llaec
394 1779 508 1824 enim
535 1783 733 1843 quidam,
756 1787 955 1847 quamvis
978 1805 1024 1832 ea
1045 1787 1128 1832 sint
1152 1785 1439 1850 inculpabilia
1458 1821 1468 1838 ‚
1495 1784 1540 1829 in
1559 1784 1651 1830 cul-

275 1859 351 1904 pas
368 1845 604 1904 decidunt3
629 1854 748 1915 quod
768 1855 824 1899 ab
848 1855 921 1900 illo
949 1855 1171 1902 salvatore
1191 1856 1347 1910 abfuit,
1365 1853 1531 1899 etiamsi
1552 1853 1649 1899 haec

274 1911 318 1957 in
347 1931 395 1960 eo
421 1916 547 1965 fuisse
566 1935 747 1985 propter
766 1924 1093 1971 similitudinem
1120 1925 1260 1971 carnis
1285 1923 1480 1988 peccati,
1499 1926 1648 1969 Evan-

269 1984 377 2040 gelio
402 1997 504 2034 teste
523 1992 757 2039 videamus.
1642 2055 1645 2057 -

337 2056 521 2106 LXXII.
550 2063 704 2109 Beatus
734 2081 836 2109 vero
869 2065 1060 2110 Hilarius
1079 2103 1088 2114 .
1123 2068 1247 2125 eujus
1269 2065 1402 2111 verba
1425 2063 1523 2110 haec
1557 2080 1644 2127 po-

269 2126 352 2171 suit
375 2164 385 2182 ,
413 2149 434 2169 (t
459 2130 555 2176 Non
581 2134 694 2178 enim
727 2135 805 2180 nisi
840 2135 997 2198 spiritu
1020 2135 1203 2199 perfecti
1235 2145 1276 2181 et
1317 2133 1644 2183 immortalitate

269 2198 457 2255 mutati,
486 2202 604 2262 quod
639 2204 737 2250 solis
778 2206 952 2251 mundis
985 2206 1113 2252 corde
1149 2206 1406 2269 dispositum
1435 2214 1529 2259 est,
1556 2205 1643 2250 hoc

266 2267 385 2328 quod
418 2269 463 2315 in
488 2271 577 2318 Deo
609 2285 670 2320 est
709 2275 952 2325 immortale
991 2276 1271 2329 cernemus³z
1294 2298 1314 2318 ›>
1349 2275 1456 2342 quid
1488 2275 1641 2321 dixerit

310 2368 322 2390 ¹
341 2373 480 2403 Laetam.
501 2372 557 2407 lib,
575 2384 620 2404 ιν.
643 2374 740 2406 divin.
758 2375 858 2411 instit.
881 2387 952 2419 cap.
971 2383 1029 2419 ²4·
1046 2395 1091 2406 «-
1107 2375 1123 2400 2
1140 2376 1224 2410 lbid.
1242 2387 1315 2420 cap.
1333 2377 1389 2413 25.
1404 2393 1450 2403 --
1465 2373 1480 2399 ³
1498 2374 1640 2412 Hilarius

257 2426 291 2459 iu
311 2426 389 2459 illud
405 2426 519 2460 Matth.
538 2439 567 2461 v.
585 2431 682 2461 Beati
694 2432 812 2462 mundo
828 2432 933 2465 corde.
