1763 2838
293 199 354 245 86
708 212 742 242 s.
786 211 1029 244 mausum
1064 212 1265 245 rriscom

289 281 418 345 etiam
453 277 750 343 imperatorias
778 295 898 324 aures
925 280 1071 342 pravis
1100 281 1445 341 suggestionibus
1470 280 1653 329 inflatas.

289 351 359 396 lbi
378 351 436 396 eis
459 350 667 409 Cognitor
687 349 909 412 respondit
929 388 939 404 ‚
963 350 1081 413 quod
1101 351 1377 397 attentissime
1398 353 1657 408 adverterat,

286 422 398 467 inter
421 431 562 483 partes
582 418 709 464 fuisse
733 419 996 479 judicatum.
1031 421 1086 465 At
1114 420 1175 465 illi
1209 420 1371 479 exigere
1395 432 1629 485 coeperunt
1648 458 1658 477 ,

290 502 337 536 ut
359 491 446 535 hoc
468 489 700 549 legeretur,
727 500 872 534 utrum
897 490 1008 535 inter
1025 501 1168 553 partes
1185 490 1448 549 judicaverit
1476 493 1667 555 Impera-

287 571 367 605 tor.
392 558 525 615 Quod
544 576 642 605 cum
661 558 807 605 fuisset
827 560 1252 620 Cognitorejubente
1271 560 1496 606 recitatum
1514 598 1524 615 ‚
1550 560 1664 605 nihil

284 629 548 676 invenientes
571 629 688 693 quod
712 630 930 686 dicerent,
956 640 1188 693 coeperunt
1212 629 1264 675 de
1295 631 1469 676 consule
1492 648 1665 676 memo-

288 700 390 745 ratis
420 699 720 764 imperialibus
752 700 903 746 litteris
936 700 1189 746 calumniari
1209 721 1219 751 ;
1243 700 1361 764 quod
1384 701 1473 746 sine
1495 700 1672 746 consule

287 771 459 816 fuerant
480 771 683 817 recitatae.
717 771 833 816 Hinc
858 782 1000 816 exorto
1029 771 1261 826 conflictu,
1294 788 1393 816 cum
1429 770 1667 816 Donatistae

288 840 499 885 invidiose
544 840 737 886 dicerent
776 841 1022 904 episcopale
1066 841 1303 886 concilium
1346 858 1445 886 cum
1488 839 1665 886 consule

291 910 419 955 fuisse
459 910 710 965 recitatum,
751 922 793 956 et
825 912 1097 975 imperatoris
1130 911 1290 957 litteras
1325 910 1544 957 consulem
1579 928 1669 955 non

290 980 476 1035 habere,
505 991 545 1025 et
570 981 789 1026 Catholici
807 981 1118 1045 responderent
1136 1019 1145 1030 .
1177 1000 1263 1027 non
1284 982 1345 1027 ibi
1369 998 1541 1026 eausam
1562 998 1669 1026 con-

292 1051 435 1096 sistere
462 1068 472 1094 :
503 1050 714 1109 Cognitor
736 1051 862 1096 etiam
886 1051 1172 1097 interlocutus
1193 1062 1254 1097 est
1272 1050 1601 1096 evidentissimis
1619 1050 1672 1095 le-

293 1122 419 1180 gibus
445 1120 698 1178 definitum,
720 1121 963 1185 imperialia
990 1121 1252 1176 constituta,
1290 1119 1453 1166 etiamsi
1478 1119 1672 1165 consules

293 1208 379 1236 non
405 1191 673 1251 legerentur,
702 1192 745 1237 in
769 1192 956 1237 dubium
989 1209 1077 1237 non
1114 1191 1273 1237 vocari.
1308 1189 1474 1236 Deinde
1502 1189 1673 1235 Catho-

295 1261 370 1306 lici
396 1261 607 1321 urgebant
625 1299 635 1316 ,
658 1272 705 1306 ut
723 1277 868 1326 aperte
886 1261 1080 1307 dicerent
1098 1261 1253 1307 falsum
1279 1278 1363 1306 esse
1377 1258 1495 1323 quod
1511 1259 1671 1305 lectum

297 1341 360 1376 est
378 1350 389 1384 ς
420 1348 542 1394 posse
565 1332 679 1376 enim
699 1332 879 1378 archiva
897 1331 1110 1395 conquiri.

362 1402 614 1448 XXXVIII.
658 1402 741 1447 Sed
769 1402 875 1448 hine
894 1402 1086 1465 repulsi,
1114 1401 1232 1447 velut
1266 1399 1431 1464 aliquid
1457 1399 1672 1445 validissi-

299 1489 419 1518 mum
444 1471 686 1535 prolaturi,
715 1472 935 1536 petierunt
963 1473 1178 1535 Optatum
1204 1471 1313 1530 legi,
1352 1469 1469 1533 quod
1505 1479 1546 1514 et
1578 1479 1674 1515 ante

299 1542 570 1605 petiverant3
599 1543 714 1588 unde
733 1561 774 1589 se
797 1543 1061 1606 probaturos
1081 1542 1288 1588 dicebant
1313 1539 1597 1585 Caecilianum
1619 1539 1673 1584 ab

302 1614 571 1675 Imperatore
591 1612 847 1657 damnatum
870 1612 895 1657 ε’
913 1623 953 1657 et
972 1612 1233 1675 promissum
1254 1611 1312 1655 eis
1334 1609 1474 1655 fuerat
1488 1646 1498 1665 ,
1525 1608 1595 1654 sed
1615 1608 1677 1654 di-

301 1683 454 1728 latum.
478 1681 601 1727 Prius
615 1699 713 1741 ergo
731 1682 902 1728 volebat
918 1682 1128 1742 Cognitor
1142 1691 1190 1726 ut
1203 1680 1506 1744 exprimerent,
1528 1689 1676 1724 utrum

302 1752 464 1798 litteras
498 1751 795 1815 imperatorias
827 1770 1004 1812 arguere
1038 1751 1233 1798 falsitatis
1272 1750 1496 1796 auderent.
1543 1747 1676 1805 Quod

304 1821 480 1886 quidem
500 1820 562 1866 illi
588 1822 762 1867 minime
780 1822 1024 1878 audebant,
1047 1833 1187 1867 tamen
1212 1820 1498 1866 nihilominus
1519 1835 1675 1864 consu-

321 1909 388 1937 em
406 1891 546 1936 deesse
562 1891 891 1937 invidiosissime
907 1893 1224 1938 causabantur:
1248 1892 1463 1954 Optatum
1479 1907 1578 1935 vero
1595 1887 1677 1950 legi

304 1961 442 2006 multo
462 1961 690 2007 instantius
708 1962 977 2022 flagitabant.
1004 1963 1110 2007 Ilaec
1125 1979 1223 2007 cum
1244 1960 1406 2006 diutius
1431 1968 1672 2020 agerentur,

296 2024 349 2076 in
375 2030 455 2076 alia
483 2030 636 2077 charta
666 2032 838 2077 illarum
874 2032 1165 2096 imperialium
1196 2031 1437 2076 litterarum
1476 2029 1676 2074 inventus

307 2112 368 2148 est
392 2102 556 2148 consul.
587 2102 717 2157 Quod
746 2120 848 2148 cum
879 2113 985 2148 esset
1005 2113 1271 2162 suggestum,
1301 2100 1539 2146 Donatistae
1558 2099 1678 2144 dixe-

309 2183 412 2216 runt
433 2189 442 2215 :
470 2176 634 2216 «Certe
658 2172 878 2218 consulem
901 2173 1062 2219 habere
1086 2189 1174 2217 non
1199 2171 1379 2216 debuit?
1402 2193 1419 2211 υ
1443 2169 1566 2232 quasi
1590 2168 1677 2229 hoc

308 2241 541 2306 aliquando
570 2242 737 2287 dictum
769 2254 900 2299 esset,
940 2242 1060 2306 quod
1084 2243 1245 2287 habere
1266 2259 1353 2303 non
1376 2239 1602 2291 debuerit3
1628 2255 1678 2298 ac

307 2329 393 2357 non
433 2311 599 2358 etiamsi
635 2311 786 2357 consul
812 2312 1039 2368 defuisset,
1082 2329 1169 2357 non
1205 2309 1409 2374 impediri
1444 2306 1678 2372 imperialis

307 2382 532 2428 constituti
555 2382 792 2429 veritatem.
831 2383 963 2440 Quod
994 2399 1094 2438 cum
1126 2381 1184 2426 eis
1208 2380 1415 2440 Cognitor
1441 2377 1677 2431 identidem

307 2451 615 2516 respondisset,
643 2452 845 2498 recitatus
871 2463 932 2498 est
960 2463 1001 2499 et
1030 2452 1233 2516 Optatus.
1261 2449 1564 2508 Recitantibus
1584 2448 1678 2493 Do-

310 2523 472 2570 natistis
495 2523 573 2569 ubi
596 2523 687 2569 ait:
717 2545 737 2563 α
761 2524 924 2570 Eodem
956 2535 1151 2586 tempore
1179 2522 1293 2568 idem
1322 2522 1519 2566 Donatus
1554 2518 1678 2582 petiit
