1763 2838
293 180 386 219 210
475 179 478 181 ’
713 175 748 205 S.
789 173 1033 206 AUGUSTINI
1068 175 1270 208 EPISCOPI

288 247 377 293 Vos
398 242 574 308 quidem
599 239 839 287 belliferam
864 258 1016 303 pacem
1041 252 1084 288 et
1106 253 1329 290 cruentam
1354 241 1563 290 unitatem
1588 243 1657 290 fa—

289 334 386 364 cere
409 314 569 379 cupitis
585 349 596 369 ,
630 322 704 357 aut
728 311 926 358 violentis
956 314 1171 361 mortibus
1195 315 1373 367 nostris,
1397 325 1471 361 aut
1492 315 1658 362 volun-—

283 388 403 435 tariis
415 385 631 433 mortibus
641 383 813 436 vestri83
840 400 927 428 non
951 383 1215 447 imputantes
1232 387 1357 432 vohis
1376 386 1495 451 quod
1517 385 1658 433 facitis

282 459 436 513 nobis,
462 467 504 502 et
519 456 781 519 imputantes
794 454 920 499 nobis
944 455 1064 518 quod
1090 456 1231 502 facitis
1250 457 1387 504 vobis.
1414 457 1495 503 Sed
1516 475 1593 503 nos
1617 469 1657 504 et

280 529 400 594 quod
422 527 563 574 facitis
585 526 711 571 nobis
733 525 931 585 cogimur
953 528 1160 573 sustinere
1175 565 1186 584 ,
1225 539 1268 573 et
1298 528 1417 591 quod
1441 529 1565 575 vobis
1589 529 1657 575 fa-

280 601 404 656 citis,
429 598 540 644 nihil
563 613 793 661 possumus
815 613 947 659 quam
980 596 1124 643 dolere
1144 618 1155 652 3
1182 598 1289 644 dum
1308 609 1451 644 tamen
1477 600 1553 644 fiat
1573 610 1656 663 pax

279 681 322 717 et
345 671 487 716 unitas
512 668 675 714 Christi
694 677 876 730 propter
901 667 1083 714 salutem
1106 669 1346 714 multorum
1364 707 1375 725 ‚
1401 670 1515 714 sicut
1538 670 1588 714 fit
1612 670 1656 715 in

277 741 501 806 plurimis,
528 738 692 784 etiamsi
720 749 901 800 propter
920 738 1110 784 furorem
1141 756 1382 801 paucorum
1420 756 1509 784 non
1537 739 1656 785 sitin

277 811 498 857 omnibus.
528 811 639 855 Nam
666 808 698 853 si
723 826 809 853 non
830 808 979 854 invido
999 846 1009 864 ,
1029 809 1101 854 sed
1121 809 1239 856 fideli
1260 809 1386 855 oculo
1405 809 1568 856 velletis
1588 820 1657 855 at-

281 882 454 928 tendere
471 918 482 937 ,
509 879 711 927 videretis
744 896 874 941 quarn
898 897 998 925 Vera
1018 898 1126 943 pace
1154 892 1283 943 atque
1308 882 1472 926 unitate
1492 881 1656 926 Christi

276 952 517 1013 gaudeant,
534 949 612 1013 qui
626 966 673 994 ex
693 948 818 994 vohis
837 949 890 993 ad
911 966 987 994 nos
1008 961 1218 995 venerunt
1235 988 1244 1006 ‚
1266 962 1328 996 tot
1350 961 1655 1011 tantorumque

273 1023 541 1088 populorum
562 1019 731 1080 agmina
747 1055 761 1075 7
784 1019 830 1064 in
859 1019 1020 1082 quibus
1053 1020 1219 1066 etiamsi
1243 1021 1389 1066 adhuc
1418 1031 1518 1066 sunt
1539 1037 1654 1065 non-

275 1091 385 1141 nulli
410 1095 505 1158 ipsa
525 1091 717 1138 novitate
730 1090 895 1135 turbati
912 1126 922 1145 ‚
949 1101 989 1135 et
1006 1091 1087 1153 ipsi
1108 1091 1315 1154 paulatim
1342 1092 1395 1137 ab
1419 1092 1503 1136 hac
1528 1092 1655 1136 infir-

272 1166 423 1212 mitate
441 1173 664 1210 sanantur.
685 1163 740 1207 Et
756 1161 789 1206 si
810 1160 900 1206 ficti
920 1161 1055 1224 aliqui
1074 1173 1370 1224 perseverant,
1398 1179 1487 1208 non
1505 1163 1654 1225 utique

271 1248 453 1301 propter
465 1235 578 1299 ipsos
596 1249 684 1278 non
699 1233 870 1279 fuerant
882 1231 1109 1292 colligendi
1127 1249 1234 1295 quos
1250 1232 1448 1278 videmus
1462 1249 1649 1290 veraces,

267 1322 458 1371 quorum
478 1304 657 1368 quidam
689 1303 735 1349 in
755 1302 1004 1362 regionibus
1025 1303 1175 1348 vestris
1190 1340 1200 1359 ,
1231 1303 1361 1348 etiam
1388 1302 1651 1366 quibusdam

266 1377 423 1423 nostris
440 1378 625 1434 majores
647 1382 974 1436 apparuerunt,
998 1372 1174 1435 quando
1199 1373 1322 1419 vobis
1339 1372 1411 1417 illa
1438 1372 1652 1436 perditio-

264 1448 332 1493 nis
354 1448 553 1493 libertate
584 1460 784 1490 concessa
806 1480 816 1499 ,
838 1442 892 1488 ad
917 1460 991 1488 vos
1015 1443 1156 1488 redire
1177 1443 1422 1489 noluerunt.
1446 1442 1651 1488 Debeha-

265 1533 364 1563 mus
377 1533 476 1577 ergo
498 1532 550 1561 ne
575 1513 853 1578 perderemus
874 1512 975 1557 istos
989 1550 998 1568 ‚
1027 1512 1226 1573 colligere
1246 1524 1287 1558 et
1307 1515 1434 1559 fictos
1450 1550 1463 1570 ,
1486 1513 1586 1576 quia
1606 1514 1651 1558 in

264 1586 499 1647 Evangelio
514 1583 725 1645 legitur&
747 1600 888 1628 servos
911 1583 964 1628 ad
984 1584 1160 1647 nuptias
1184 1584 1360 1629 Domini
1385 1584 1447 1629 sui
1464 1599 1649 1642 congre—

264 1673 380 1718 gasse
404 1656 610 1703 convivas
635 1655 775 1699 bonos
801 1664 842 1698 ct
866 1653 997 1699 malos
1021 1671 1031 1698 ε
1054 1655 1234 1699 maxime
1258 1654 1360 1717 quia
1382 1671 1458 1700 vos
1476 1653 1528 1698 de
1556 1670 1650 1698 area

262 1727 495 1774 Dominica
524 1724 746 1788 superbiae
774 1723 951 1786 spiritus
972 1735 1180 1787 tanquam
1206 1724 1434 1787 improbus
1469 1734 1644 1779 ventus,

263 1809 360 1844 ante
381 1809 553 1861 tempus
585 1794 877 1841 ventilationis
908 1796 1114 1850 excussit,
1153 1795 1268 1840 unde
1301 1812 1375 1840 vos
1413 1794 1469 1839 ad
1499 1794 1645 1850 illam,

261 1880 475 1934 quantum
510 1866 757 1930 opitulante
791 1865 883 1909 Deo
906 1882 1134 1929 possumus
1152 1901 1164 1921 ,
1198 1883 1399 1911 revocare
1418 1882 1642 1911 conamur.

259 1942 317 1987 Et
334 1940 486 2003 utique
499 1937 638 1983 nostis
653 1936 1025 2000 quemadmodum
1045 1937 1186 1999 scopis
1206 1936 1442 1996 diligentiae
1458 1935 1648 1981 frumen-

261 2022 356 2057 tum
380 2008 509 2055 simul
526 2008 659 2054 etiam
677 2023 777 2052 eum
800 2017 910 2052 terra
926 2007 1132 2063 trahitur,
1153 2006 1329 2070 quando
1354 2007 1398 2052 in
1422 2023 1562 2051 aream
1575 2023 1646 2051 re-

259 2091 456 2128 vocatur.

318 2148 528 2196 XXVIII.
556 2147 688 2204 Quod
706 2158 846 2192 autem
867 2146 989 2192 vobis
1006 2146 1195 2204 videtur,
1230 2146 1388 2192 invitos
1415 2145 1467 2191 ad
1488 2146 1645 2192 verita-

252 2232 342 2268 tem
358 2237 444 2266 non
468 2234 554 2264 esse
575 2217 813 2276 cogendos,
832 2217 982 2262 erratis
1011 2219 1245 2262 nescientes
1271 2217 1536 2279 ScripturaS,
1564 2233 1645 2262 ne—

254 2308 339 2356 que
358 2291 563 2337 virtutem
587 2288 685 2343 Dei,
717 2287 796 2350 qui
816 2303 884 2332 cos
923 2287 1111 2332 volentes
1137 2287 1241 2332 facit
1271 2287 1378 2332 dum
1422 2296 1638 2346 coguntur

249 2362 390 2423 inviti.
422 2358 648 2421 Numquid
668 2359 783 2403 enim
820 2358 1124 2420 poenitentiam
1151 2358 1356 2402 Ninivitas-3
1389 2356 1514 2402 inviti
1535 2373 1639 2415 ege-

246 2443 366 2487 runt,
387 2430 489 2493 quia
511 2429 595 2472 hot:
613 2445 708 2486 rege
724 2444 800 2472 suo
816 2427 1103 2490 compellente
1118 2427 1368 2473 feceruut&
1389 2428 1488 2471 Jam
1509 2429 1626 2472 enim

308 2516 318 2539 ¹
336 2513 454 2547 Manli.
484 2522 563 2545 xxm
588 2523 697 2541 10.—
718 2509 820 2543 ‘2Jon.
839 2521 964 2544 xxxxrr,
