1763 2838
246 131 305 194 78
663 143 699 175 s.
739 142 983 175 AUGUSTINI
1019 144 1222 177 Errscort

243 209 452 270 Cognitor
470 207 689 272 quaesisset
707 245 717 264 ‚
746 218 893 254 utrum
913 209 1034 273 prius
1058 221 1164 257 esset
1186 210 1350 258 factum
1379 211 1615 274 Carthagi-

241 298 368 327 nense
392 280 625 326 concilium
644 316 655 334 ‚
683 289 724 324 et
748 290 893 342 postea
915 280 1038 326 missa
1065 281 1194 327 fuerit
1222 282 1275 328 ad
1306 284 1614 346 Imperatorem

243 369 371 398 causa
398 349 648 402 Caeciliani3
686 349 884 396 dixerunt
914 351 1132 397 Catholici
1160 354 1363 415 quoniam
1398 355 1614 400 consulem

242 433 283 469 et
309 423 422 468 diem
446 421 557 467 illud
590 419 823 466 concilium
862 438 948 466 non
986 420 1195 478 liaberet,
1230 423 1283 468 ad
1310 434 1540 486 utrumque
1574 441 1615 469 se

241 493 502 556 respondere
524 509 535 536 :
572 491 673 554 quia
694 491 727 536 si
750 491 870 554 prius
894 508 1021 537 causa
1053 492 1107 537 ad
1145 495 1456 556 Imperatorem
1489 494 1615 538 missa

244 575 323 619 est,
350 580 437 627 quo
468 562 581 608 exitu
610 562 832 607 terminata
871 563 923 608 sit
956 565 1167 625 expectari
1208 575 1436 627 oportere:
1466 564 1498 609 si
1533 580 1614 610 au-

238 644 323 680 tem
348 644 519 697 postea,
564 631 848 678 nihilominus
880 650 965 678 non
997 632 1206 690 istorum,
1243 634 1316 680 sed
1349 634 1463 680 illius
1490 634 1615 693 judi-

238 705 357 751 cium
397 721 482 749 esse
507 702 793 766 quaerendum
816 740 826 758 ‚
870 721 956 766 quo
981 720 1073 748 eam
1107 714 1206 766 post
1238 704 1455 763 judicium
1487 721 1613 750 suum

238 774 493 820 mittendam
516 783 745 836 putarunt.
795 773 879 819 Sed
913 790 1012 819 cum
1042 774 1179 819 multa
1216 775 1456 819 Donatistae
1500 774 1612 820 inse·

235 856 380 891 :rerent
425 845 478 890 de
521 843 696 890 consule
742 854 784 889 et
816 844 885 889 die
904 881 914 899 ‚
959 862 1037 890 cur
1083 845 1128 890 in
1177 862 1353 890 suorum
1397 848 1613 904 majorum

238 915 425 961 concilio
447 933 537 960 non
558 915 785 974 legeretur,
812 933 863 961 ne
887 916 993 961 hinc
1019 916 1214 962 falsitatis
1235 927 1515 975 arguerentur
1534 953 1545 972 ‚
1572 927 1613 962 et

239 996 469 1032 assererent
500 985 616 1030 hanc
651 1001 736 1029 esse
773 986 1103 1031 eeclesiasticam
1142 987 1497 1033 consuetudinem
1521 1024 1530 1042 ‚
1560 1005 1613 1033 ne

238 1055 327 1101 dies
348 1067 389 1101 et
421 1055 616 1101 consules
652 1053 834 1100 decretis
868 1056 1172 1118 episcoporum
1202 1057 1608 1112 conscriberentur,

235 1126 317 1186 legi
340 1126 528 1171 volentes
558 1125 687 1169 etiam
722 1125 957 1170 concilium
984 1126 1195 1189 (Lypriani
1214 1163 1224 1180 ,
1261 1136 1307 1171 ut
1330 1126 1417 1170 hoc
1445 1127 1612 1188 proba-

235 1207 360 1252 rent,
400 1196 502 1258 quia
524 1194 636 1240 nihil
661 1194 780 1239 aliud
812 1195 892 1240 nisi
918 1212 1053 1241 morae
1085 1196 1421 1258 quaerebantur3
1447 1200 1611 1259 (neque

234 1267 349 1313 enim
369 1265 587 1311 Catholici
606 1266 650 1309 in
668 1281 716 1309 eo
742 1281 916 1311 causam
939 1283 1060 1311 suam
1080 1267 1411 1321 constituerant,
1433 1267 1611 1329 quando

235 1336 290 1382 ad
316 1348 549 1399 utrumque
586 1334 929 1397 responderant,
973 1336 1058 1381 sive
1091 1337 1241 1399 prius,
1274 1336 1359 1381 sive
1398 1337 1611 1398 posterius

233 1418 338 1453 esset
370 1406 480 1452 illud
514 1405 773 1459 concilium,
810 1405 929 1468 quod
967 1416 1117 1451 contra
1157 1406 1444 1452 Caecilianum
1492 1406 1609 1469 apud

232 1478 539 1538 Carthaginem
559 1476 808 1532 fecerant3)
828 1476 955 1534 jussit
982 1477 1193 1536 Cognitor
1216 1514 1226 1532 ,
1261 1476 1501 1522 Catholicis
1534 1477 1609 1523 in-

230 1550 471 1602 stantibus,
513 1558 561 1593 ut
583 1547 662 1592 ista
685 1546 829 1609 potius
854 1563 952 1609 quae
972 1546 1106 1592 dilata
1130 1547 1317 1601 fuerant,
1347 1547 1600 1606 legerentur.

294 1621 459 1666 XXXI.
501 1621 627 1664 Tunc
663 1617 903 1662 Donatistae
938 1617 1065 1662 aliam
1102 1618 1388 1680 quaestionem
1410 1618 1607 1680 interpo-

229 1702 408 1736 suerunt
429 1706 650 1735 morarum
684 1687 1000 1751 plenissimam,
1022 1688 1093 1733 sed
1124 1706 1269 1734 revera
1291 1689 1335 1733 in
1360 1705 1445 1751 qua
1469 1706 1546 1751 pro
1567 1706 1607 1734 se

229 1760 427 1807 laborare
450 1759 707 1811 voluerunt,
735 1757 767 1802 si
784 1768 959 1821 possent
986 1757 1337 1821 ostendelequod
1361 1756 1568 1803 volebant
1592 1776 1602 1803 ε

228 1831 339 1878 illud
372 1832 534 1877 scilicet
562 1830 754 1875 Cirtense
788 1828 1023 1874 concilium
1056 1829 1209 1874 falsum
1231 1846 1315 1874 esse
1334 1865 1344 1884 ,
1373 1828 1450 1873 ubi
1479 1828 1606 1875 lectae

228 1901 398 1949 fuerant
415 1901 697 1948 confessiones
717 1899 972 1944 traditorum
992 1899 1176 1945 invicem
1195 1900 1277 1944 sibi
1292 1899 1604 1958 ignoscentium

229 1990 282 2017 ne
303 1973 490 2018 schisma
514 1972 659 2023 fieret;
687 1969 789 2032 quia
806 1969 889 2031 ipsi
906 1969 1161 2027 legebantur
1180 1968 1479 2017 intercaeteros
1495 1985 1604 2014 con-

228 2053 295 2088 tra
320 2043 604 2089 Caecilianum
630 2041 850 2085 absentem
867 2040 1096 2084 sententias
1115 2038 1356 2101 protulisse.
1389 2039 1483 2083 Hoc
1503 2056 1602 2098 ergo

227 2113 381 2160 falsum
412 2113 704 2159 demonstrare
731 2121 959 2163 conantes,
995 2109 1129 2154 multa
1164 2110 1388 2162 dixerunt3
1421 2108 1492 2154 sed
1522 2109 1603 2155 alia

225 2182 335 2229 levia
358 2201 444 2228 esse
466 2184 548 2245 ipsi
568 2181 836 2241 judicantes,
862 2179 948 2225 duo
980 2179 1182 2242 quaedam
1212 2179 1257 2224 in
1282 2196 1329 2223 ea
1367 2179 1604 2241 quaestione

227 2255 415 2300 multum
444 2251 887 2303 commemtaverunt‚
917 2261 958 2294 et
990 2250 1034 2294 in
1070 2250 1127 2294 eis
1164 2249 1351 2294 multum
1387 2249 1604 2296 immorati

226 2337 325 2371 sunt
347 2343 357 2370 2
381 2341 515 2369 unum
533 2359 542 2377 ‚
581 2321 681 2385 quia
706 2330 855 2365 contra
881 2318 1213 2363 ecclesiasticam
1246 2318 1602 2364 consuetudinem

223 2398 367 2459 ipsum
388 2395 581 2439 Cirtense
602 2390 838 2437 concilium
865 2389 979 2435 diem
1004 2398 1045 2433 et
1067 2389 1285 2433 consulem
1304 2388 1510 2441 haberet3
1537 2389 1602 2434 al-

224 2478 364 2515 terum
400 2474 570 2520 autem,
607 2460 728 2526 quod
764 2459 1074 2524 persecutionis
1113 2469 1308 2521 tempore
1344 2475 1431 2503 non
1459 2469 1602 2523 posset

222 2536 456 2587 concilium
485 2531 752 2596 congregari.
799 2529 1039 2591 Exigebam
1072 2546 1172 2591 ergo
1202 2527 1442 2577 Donatistae
1466 2544 1490 2574 a
1513 2528 1601 2576 Ca-
