1763 2838
254 130 348 193 476
676 141 711 172 s.
754 140 997 172 AUGUSTINI
1031 141 1235 175 muscom

253 211 401 264 etiam,
422 217 471 253 ut
490 206 581 252 fieri
600 207 867 271 possitquod
885 208 1129 256 ostenderit.
1152 230 1171 252 >2
1190 210 1292 256 Tibi
1309 220 1450 255 autem
1470 210 1627 256 absur-

253 280 357 324 dum
381 277 523 323 visum
547 287 624 332 est,
651 279 740 322 sine
774 278 966 340 exemplo
990 296 1075 324 6556
1098 296 1186 325 rem
1209 297 1310 344 quae
1344 281 1436 325 fieri
1461 291 1618 343 potest.

255 349 370 395 Hinc
391 358 534 393 exorta
557 358 618 392 est
662 347 793 406 hujus
831 347 934 392 libri
953 350 1136 412 quaestio
1159 387 1169 405 ‚
1193 367 1242 395 ac
1263 368 1341 413 per
1366 351 1452 396 1106
1478 350 1529 395 ad
1552 367 1629 395 nos

252 419 500 482 pertinebat
540 417 778 474 ostendere,
818 418 909 463 ficri
939 436 1065 481 posse
1104 420 1269 482 aliquid
1306 421 1502 482 quamvis
1521 421 1629 466 desit

253 488 511 551 exemplum.
536 488 652 533 Hinc
675 505 721 533 ex
747 487 979 548 Evangelio
1003 499 1044 534 et
1066 506 1113 534 ex
1134 491 1245 549 Lege
1259 489 1461 553 quaedam
1477 491 1630 552 posui-

254 576 351 604 mus
368 559 412 603 in
436 558 639 603 sermonis
662 558 795 618 hujus
826 558 1015 613 exordio,
1044 559 1156 604 sicut
1185 559 1240 604 (16
1267 560 1420 604 cameli
1451 560 1631 606 transitu

254 646 334 692 per
354 628 549 673 foramen
575 645 677 673 acus
708 626 744 683 1,
765 638 806 673 et
829 627 882 673 de
917 628 1154 674 duodecim
1190 629 1385 674 millibus
1410 629 1631 689 legionum

254 699 515 758 Angelorum
533 699 569 754 2,
587 699 953 761 quipotueruntsi
966 699 1297 762 velletpugnare
1309 717 1390 762 pro
1403 700 1627 756 Christo³‚

254 781 297 816 et
317 770 370 815 de
395 769 478 814 illis
495 770 694 828 gentibus
718 787 825 832 quas
844 772 960 815 Deus
986 770 1094 815 dicit
1109 771 1300 833 potuisse
1325 788 1367 816 se
1388 789 1410 815 a
1425 770 1534 817 facie
1554 788 1633 834 po-

256 839 353 902 puli
377 839 442 884 sui
468 839 596 885 5611161
623 840 899 885 exterminare
919 839 937 868 ί*
958 857 968 884 :
990 857 1089 902 quae
1116 841 1258 886 omnia
1276 840 1389 886 facta
1408 858 1493 886 non
1513 852 1625 889 sunt.

256 909 336 954 His
355 908 456 954 addi
476 920 656 973 possunt
678 911 808 955 etiam
830 910 900 955 illa
916 927 1016 973 quae
1035 910 1238 970 leguntur
1257 912 1300 956 in
1318 911 1432 956 libro
1453 913 1633 974 Sapien-

257 979 329 1024 tiae
348 979 383 1035 5,
422 996 554 1042 quam
575 979 710 1024 multa
722 991 865 1042 posset
891 997 1002 1027 nova
1024 985 1369 1026 tormental)eus
1380 997 1569 1026 exercere
1587 982 1633 1027 in

256 1049 413 1111 impios
443 1049 496 1094 ad
522 1059 678 1095 nutum
691 1050 774 1095 sibi
788 1050 995 1096 serviente
1009 1061 1224 1106 creatura,
1253 1068 1353 1114 quae
1377 1062 1521 1096 tamen
1547 1068 1634 1097 non

255 1120 455 1165 exercuit.
474 1121 621 1166 Potest
637 1131 678 1166 et
693 1121 906 1183 demonte
929 1121 1021 1177 illo,
1046 1138 1175 1184 quem
1194 1121 1299 1167 fides
1313 1122 1355 1166 in
1373 1139 1487 1167 mare
1502 1133 1636 1168 trans·

257 1189 411 1234 ferret6
429 1208 439 1235 z
464 1191 582 1253 quod
597 1202 737 1237 tamen
751 1209 965 1255 nusquam
982 1192 1166 1248 factum,
1185 1192 1251 1237 vel
1261 1192 1459 1250 legimus,
1476 1192 1541 1238 vel
1562 1209 1634 1238 au-

257 1258 445 1304 divimus
476 1261 593 1323 (15).
623 1262 828 1325 Quisquis
855 1263 970 1308 enim
988 1262 1149 1307 horum
1170 1261 1335 1323 aliquid
1363 1263 1453 1307 Deo
1482 1261 1635 1307 dixerit

254 1345 340 1373 6556
359 1329 646 1393 impossibile,
668 1334 786 1380 vides
803 1350 935 1397 quam
952 1332 1155 1394 desipiat,
1182 1348 1401 1394 quamque
1430 1332 1633 1378 adversus

257 1397 387 1444 fidem
413 1401 653 1465 Scripturae
671 1404 988 1467 ejusloquatur.
1007 1403 1148 1449 Multa
1164 1402 1247 1447 alia
1260 1402 1513 1462 hujusmodi
1530 1420 1635 1466 pos-

256 1480 358 1514 sunt
384 1487 612 1519 occurrere
650 1475 716 1521 vel
740 1475 893 1535 legenti
917 1475 984 1520 vel
1008 1473 1240 1534 cogitanti,
1286 1490 1386 1535 quae
1411 1474 1635 1536 possibilia

260 1540 347 1585 Deo
359 1559 509 1601 negare
522 1561 609 1589 non
620 1563 866 1623 possumus,
879 1546 1075 1608 quamvis
1084 1562 1233 1590 eorum
1251 1543 1359 1589 desit
1369 1545 1627 1607 exemplum.

318 1613 483 1660 LXIII.
518 1615 602 1660 Sed
621 1617 721 1679 quia
748 1616 837 1662 dici
870 1628 1034 1680 potest,
1069 1616 1142 1662 illa
1176 1632 1307 1678 opera
1339 1632 1425 1660 esse
1458 1615 1630 1671 divina,

252 1686 368 1744 juste
394 1695 535 1730 autem
550 1686 692 1733 vivere
720 1688 772 1733 ad
795 1700 939 1734 nostra
963 1705 1095 1751 opera
1119 1688 1360 1750 pertinere:
1384 1688 1550 1744 suscepi
1570 1705 1635 1732 05-

256 1753 431 1798 tendere
455 1756 584 1801 etiam
622 1757 707 1802 hoc
738 1775 848 1821 opus
881 1776 967 1803 6556
992 1758 1214 1811 divinun1;
1250 1767 1292 1802 et
1314 1756 1401 1801 1106
1426 1757 1493 1834 egi
1524 1758 1635 1803 libro

256 1825 337 1868 isto
356 1823 580 1886 loquacius
601 1826 776 1873 fortasse
804 1844 936 1891 quam
962 1838 1026 1872 sat
1045 1837 1138 1872 est:
1167 1826 1238 1871 sed
1259 1837 1410 1871 contra
1436 1826 1635 1872 inimicos

255 1894 405 1954 gratiae
430 1896 508 1940 Dei
528 1897 654 1942 etiam
675 1915 832 1960 parum
854 1899 963 1943 mihi
986 1898 1136 1943 dixisse
1155 1896 1326 1948 videorg
1350 1896 1548 1959 nihilque
1567 1914 1635 1943 me

256 1975 345 2010 tam
363 1965 550 2011 multum
579 1966 721 2013 dicere
735 1968 937 2024 delectat,
963 1985 1095 2032 quam
1118 1967 1195 2012 ubi
1218 1967 1327 2011 mihi
1345 1977 1388 2012 et
1407 1967 1634 2030 Scriptura

255 2038 346 2094 ejus
373 2036 615 2097 plurimum
635 2040 910 2098 suffragatur,
938 2049 979 2084 et
1011 2040 1055 2084 id
1082 2039 1237 2099 agitur,
1267 2038 1408 2102 utqui
1427 2038 1636 2097 gloriatur

255 2107 299 2150 in
321 2107 508 2155 Domino
528 2110 782 2169 glorietur7,
810 2124 851 2158 61
874 2113 919 2158 111
936 2112 1139 2157 omnibus
1157 2111 1314 2171 gratias
1341 2126 1513 2169 agamus
1539 2111 1634 2155 Do-

255 2176 374 2222 mino
392 2177 484 2223 Deo
499 2191 643 2227 nostro
663 2200 831 2230 sursum
850 2202 925 2230 cor
940 2184 1168 2238 habentes,
1191 2180 1305 2227 unde
1319 2198 1341 2225 a
1363 2181 1491 2224 Patre
1506 2179 1634 2226 lumi-

261 2267 363 2296 num
390 2268 517 2297 omne
552 2253 703 2300 datum
725 2255 942 2318 optimum
967 2266 1008 2301 et
1032 2272 1158 2301 omne
1197 2254 1363 2300 donum
1389 2253 1631 2316 perfectum

257 2323 363 2369 6518.
384 2325 494 2370 Nam
506 2326 538 2371 si
558 2337 788 2389 propterea
805 2345 893 2373 non
915 2339 977 2374 651
991 2345 1100 2391 opus
1122 2327 1218 2384 Dei,
1235 2327 1338 2387 quia
1358 2342 1435 2388 per
1453 2341 1530 2370 1105
1545 2322 1633 2382 agi-

300 2426 312 2449 ¹
337 2427 451 2459 Maub.
468 2438 534 2466 11111,
558 2436 610 2466 24.
632 2448 671 2453 —
695 2429 709 2451 2
725 2430 772 2462 Id.
798 2442 887 2469 xxvi,
910 2433 964 2462 53.
983 2449 1024 2454 —
1042 2428 1057 2452 3
1079 2433 1281 2466 Deut.xxx1‚
1296 2430 1373 2459 3.-
1392 2425 1405 2449 ⁴
1420 2425 1515 2458 Judic
1544 2439 1580 2462 ιι,
1600 2425 1630 2455 3.

251 2480 323 2507 -5
342 2485 413 2531 Sap.
431 2494 494 2523 xv¹‚
512 2491 565 2522 ’14-
583 2503 626 2509 -
640 2484 654 2507 0
671 2489 768 2519 Marc.
787 2498 833 2529 κι,
850 2491 904 2520 23.
920 2506 962 2512 —
979 2486 993 2509 ⁷
1011 2500 1027 2518 2
1044 2491 1119 2520 (lor.
1141 2498 1171 2522 x.
1206 2498 1255 2525 17·
1269 2503 1312 2508 —
1327 2482 1341 2506 8
1361 2483 1471 2515 Jacob.
1498 2493 1527 2521 ¹,
1554 2492 1605 2519 ¹7·
