1763 2838
245 166 327 203 122
661 172 692 197 s.
740 169 976 199 Alutusrtui
1019 171 1217 199 nius-cori

238 251 485 299 separamus
506 271 516 279 .
557 249 664 296 quos
696 233 758 277 vel
787 233 1062 291 degradando
1103 234 1164 279 vel
1199 237 1609 281 excommunicamlo

238 307 291 351 ad
316 305 591 351 humiliorem
621 303 856 365 [immitendi
891 303 1032 348 locum
1062 304 1307 363 redigimus.
1339 307 1391 350 lit
1430 307 1502 351 uhi
1525 307 1610 351 hoc

238 377 374 421 facere
392 375 510 439 pacis
530 384 570 417 ct
595 373 918 435 tranquillitatis
940 373 1142 419 Ecclesia-3
1165 376 1298 433 gratia
1324 393 1409 421 non
1426 378 1609 439 permit-

239 447 397 497 timur,
428 462 515 489 non
546 454 686 488 tamen
722 443 819 488 ideo
850 443 1083 488 Ecclesiam
1115 444 1393 503 negligimus3
1417 446 1489 491 sed
1509 446 1611 491 tole-

237 533 384 563 ramus
419 514 537 577 quod
576 513 778 558 nolumus
799 551 809 567 ‚
849 524 895 558 ut
931 515 1231 576 perveniamus
1266 533 1353 578 quo
1376 516 1574 561 volumus
1595 553 1606 570 ‚

238 596 404 631 utentes
427 584 593 630 cautela
614 584 826 647 praecepti
848 584 1084 638 Uominici,
1107 602 1158 629 ne
1182 602 1281 630 cum
1299 585 1494 631 volumus
1512 596 1611 631 ante

238 666 409 719 tempus
435 654 633 713 cottio-cre
653 655 839 703 ziz-mia
868 654 993 699 simul
1015 654 1281 701 ‹radicemus
1300 667 1341 701 et
1363 656 1553 701 triticum
1570 655 1606 711 1,

237 728 411 772 Utentes
429 726 557 771 etiam
578 725 770 788 exemplo
791 735 832 769 et
849 743 902 788 pr
906 737 1073 788 (cepto
1100 726 1215 771 beati
1241 727 1451 789 Cypriani
1470 727 1506 782 2,
1534 726 1611 790 qui

237 796 422 856 colleoas
449 813 547 841 suos
572 794 879 849 {teneram-‚es
907 795 1202 852 simulatores,
1237 807 1464 860 Γι·ι[)ιοιεε
1492 796 1613 860 pacis

240 866 608 929 contemplatione
629 866 809 928 pertulit
832 866 950 921 tales,
972 883 1050 911 nec
1076 884 1223 912 e01um
1249 868 1504 927 contagione
1522 866 1611 912 fac-

236 947 305 982 tus
347 947 407 981 est
447 935 554 982 talis.
588 936 711 981 Unde
745 947 785 981 et
812 954 888 982 nos
914 936 946 980 si
985 937 1174 981 triticum
1205 954 1380 993 sumus,
1419 936 1611 996 ejusdem

236 1007 353 1052 beati
384 1006 587 1068 Martyris
621 1006 753 1051 verba
787 1006 1065 1051 fidentissime
1096 1006 1318 1052 dicimusss
1350 1025 1360 1052 :
1394 1007 1496 1070 quia
1535 1007 1612 1052 etsi

235 1077 438 1123 videntur
475 1077 520 1122 in
547 1076 734 1121 Ecclesia
770 1093 855 1121 esse
881 1077 1041 1122 zizania
1066 1113 1075 1132 ,
1117 1094 1203 1122 non
1238 1088 1381 1123 tamen
1405 1076 1609 1140 impediri

237 1147 365 1193 debet
392 1159 464 1192 aut
485 1147 590 1192 fides
607 1184 617 1202 ‚
644 1158 717 1192 aut
751 1148 941 1192 charitas
964 1158 1127 1203 nostra,
1151 1158 1199 1192 ut
1221 1147 1424 1210 quoniam
1451 1148 1613 1193 zizania

237 1219 282 1264 in
312 1219 503 1265 Ecclesia
523 1219 738 1264 cernimus
757 1256 767 1274 ‚
799 1219 882 1281 ipsi
915 1219 967 1263 de
993 1218 1182 1264 Ecclesia
1210 1218 1473 1265 recedamus,
1503 1219 1612 1264 Haec

235 1290 366 1335 verba
401 1289 633 1349 justissime
671 1306 720 1334 ac
762 1290 950 1352 piissime
987 1289 1179 1334 dicerent
1229 1292 1410 1347 majores
1443 1288 1608 1344 nostri,

237 1361 365 1406 etiam
404 1361 435 1404 si
469 1359 754 1405 (Jaecilianum
789 1371 830 1404 et
868 1360 1033 1422 aliquos
1064 1360 1346 1422 coepiscopos
1368 1363 1457 1418 ejus
1480 1359 1612 1404 malos

235 1431 449 1481 viderent,
477 1447 587 1492 quos
609 1441 748 1475 tamen
776 1431 829 1475 ab
866 1430 1051 1475 Ecclesia
1077 1447 1274 1493 separare
1297 1447 1383 1474 non
1407 1440 1607 1492 possent,

234 1511 415 1565 propter
436 1500 530 1545 illos
549 1500 711 1562 quibus
741 1500 843 1545 mali
888 1500 1170 1545 demonstrari
1200 1517 1286 1545 non
1311 1510 1510 1562 poterant
1531 1537 1541 1552 ‚
1571 1508 1613 1545 et

234 1590 304 1618 eos
336 1573 475 1617 honos
511 1581 552 1616 et
587 1572 835 1616 innocentes
866 1572 1112 1633 putabant:
1150 1571 1248 1616 haec
1279 1571 1411 1616 verba
1433 1570 1611 1615 omnino

237 1643 455 1693 dicerent,
485 1642 572 1686 hoc
597 1642 774 1686 omnino
799 1643 1034 1696 sentirent,
1063 1659 1115 1686 ne
1143 1658 1242 1686 cum
1268 1640 1426 1686 vellent
1452 1652 1610 1686 temere

236 1713 394 1757 zizania
420 1728 634 1773 separare,
662 1711 789 1756 simul
815 1722 855 1755 et
877 1712 1067 1756 triticum
1090 1711 1373 1757 eradicarent.

302 1783 465 1828 XXIX.
506 1780 638 1837 Quod
676 1798 776 1839 ergo
805 1785 949 1840 jussus
984 1781 1248 1844 estquidam
1282 1780 1504 1843 Propheta
1533 1797 1611 1826 nec

233 1869 391 1915 panem
419 1850 699 1902 manducare,
728 1868 806 1895 nec
830 1868 983 1914 aquam
1007 1851 1156 1895 hibere
1183 1851 1226 1895 in
1251 1851 1443 1895 Samaria
1464 1849 1502 1906 4,
1522 1867 1609 1915 quo

236 1923 386 1967 missus
409 1922 547 1967 suerat
572 1932 618 1966 ut
641 1922 876 1983 corriperet
895 1938 963 1966 eos
978 1958 988 1976 ‚
1024 1921 1097 1983 qui
1120 1938 1272 1966 vaccas
1296 1921 1611 1965 constituerant

237 1992 477 2038 adorandas
505 2009 620 2037 more
642 1991 858 2036 idolorum
886 1992 1184 2053 ‚ligyptiorum
1204 2028 1214 2045 ,
1240 1991 1325 2034 hoc
1356 1990 1533 2035 omnino
1550 1990 1610 2035 fa-

234 2080 327 2108 cere
351 2062 502 2107 debuit
521 2061 638 2124 quod
655 2073 924 2124 prameperat
944 2062 1154 2105 Dominus
1171 2098 1180 2109 ,
1202 2061 1273 2105 cui
1292 2070 1395 2105 tunc
1415 2077 1463 2105 eo
1480 2060 1610 2105 modo

232 2133 328 2178 illos
357 2133 574 2194 corripere
592 2132 760 2194 placuit
780 2169 790 2185 ‚
820 2142 866 2176 ut
895 2132 1005 2176 nihil
1044 2131 1104 2175 ihi
1132 2131 1433 2175 alimentorum
1459 2141 1610 2189 tange-

234 2214 298 2247 let
325 2202 543 2262 l'iopheta
574 2218 700 2262 quem
725 2202 910 2246 miserat.
941 2202 1086 2263 {teque
1107 2201 1221 2245 enim
1245 2201 1289 2245 in
1314 2199 1501 2245 Ecclesia
1523 2216 1610 2244 non

234 2273 283 2315 lit
312 2269 531 2332 quotidie
560 2287 632 2332 qu:
624 2270 735 2315 ando
758 2287 826 2315 (os
848 2287 956 2331 quos
993 2270 1132 2314 actius
1156 2270 1415 2332 cmripimus
1440 2306 1449 2321 ,
1480 2269 1607 2313 etiam

231 2341 265 2385 si
287 2341 331 2385 in
350 2356 494 2384 eorum
521 2356 662 2401 posses
647 2340 781 2385 sione
814 2356 993 2387 sumus
1021 2339 1132 2384 nihil
1155 2339 1218 2383 ihi
1241 2338 1358 2401 apud
1392 2354 1462 2383 eos
1494 2354 1606 2383 con-

282 2437 289 2457 ¹
312 2436 424 2468 Manli.
444 2447 521 2479 wir,
552 2449 606 2478 ες).
628 2455 671 2461 -
696 2437 710 2459 ¹.)
730 2440 826 2470 Serrn.
847 2439 884 2470 de
904 2438 1009 2481 1,ap=is
1045 2454 1087 2462 -—
1107 2435 1120 2459 3
1142 2439 1237 2481 Epist.
1259 2438 1295 2469 ad
1325 2437 1547 2471 Maximinum,
1565 2455 1610 2461 --

233 2489 246 2511 ⁴
266 2492 280 2520 3
306 2493 387 2528 Reg.
410 2501 477 2521 xm.
