1763 2838
266 176 318 207 12
689 176 725 205 S.
768 174 1009 205 AUGUSTINI
1047 176 1249 208 EPISCOPI

260 240 502 286 admonuit.
536 240 683 304 Neque
708 240 822 285 enim
846 251 1014 285 tantum
1044 241 1155 286 nihil
1182 258 1279 286 eum
1306 240 1513 301 adjuvant
1536 238 1635 284 haec

261 311 520 371 Evangelica
561 311 825 367 testimonia,
869 310 941 355 sed
977 312 1106 357 etiam
1140 329 1282 357 causae
1309 322 1465 357 nostrae
1493 309 1637 373 pluri-

262 398 383 426 mum
407 383 710 440 suffragantur.

328 452 406 497 xl.
438 452 499 495 De
525 451 743 514 baptismo
769 452 949 497 Joannis
975 452 1186 511 agebatur
1204 490 1214 508 ‚
1242 471 1264 497 a
1288 469 1373 515 quo
1398 451 1639 514 baptizatos

262 520 473 583 quosdam
505 521 538 566 si
573 521 815 584 baptizavit
855 522 1112 586 ApostolUS‚
1152 540 1240 567 non
1266 523 1416 585 utique
1454 520 1639 566 Joannis

262 591 531 653 baptismum
566 592 832 637 habentibus
858 593 1015 638 iterum
1044 593 1223 637 Joannis
1260 593 1533 656 baptismum
1561 591 1642 636 (le-

266 661 348 715 dit,
375 661 447 706 sed
474 662 639 707 Christi
662 663 931 726 baptismum
950 681 1036 709 non
1056 663 1268 708 habentes
1291 661 1646 725 baptizarijussit

263 732 309 776 in
334 732 536 776 Christo:
563 750 610 777 ae
630 751 707 795 per
730 734 812 778 hoe
833 745 1033 779 neutrum
1062 733 1290 787 destruxit,
1318 732 1389 777 sed
1412 742 1645 794 utrumque

265 801 470 847 distinxit.
496 803 591 847 Hoc
617 804 743 847 etiam
769 804 844 848 iste
865 815 1015 849 contra
1041 821 1170 867 quem
1197 803 1444 847 disserimus
1463 839 1474 858 ,
1501 801 1644 858 vidit,

267 872 341 934 qui
378 889 478 916 cum
515 873 597 917 sihi
639 873 755 918 velut
794 892 840 918 ex
882 875 1113 920 adversarii
1150 874 1351 937 partibus
1389 872 1643 932 objecisset:

267 961 288 981 α
311 939 424 994 Quia
446 951 486 985 et
512 941 556 985 hi
594 959 700 1004 quos
733 943 960 988 traditores
994 954 1176 999 vocant,
1208 943 1430 1006 baptismo
1452 942 1644 997 Christi,

267 1027 355 1055 non
380 1011 586 1066 Joannis,
612 1013 838 1075 baptizant
863 1025 904 1058 et
929 1015 1209 1077 baptizantur
1229 1051 1239 1069 2
1269 1026 1309 1059 et
1333 1014 1429 1059 ideo
1454 1023 1553 1077 post
1575 1030 1647 1058 eos

266 1080 536 1143 baptismum
572 1100 650 1128 nee
676 1084 888 1139 rescindi,
928 1102 1006 1129 nec
1046 1086 1189 1130 iterari
1229 1095 1430 1148 oportere
1457 1101 1467 1129 ι
1496 1105 1517 1125 »
1544 1083 1650 1128 huic

268 1151 498 1213 quaestioni
537 1152 644 1198 dicit
672 1155 942 1217 respondisse
966 1155 1190 1200 Christum
1213 1193 1223 1205 ,
1263 1172 1364 1200 cum
1402 1154 1487 1199 ait:
1516 1174 1535 1194 α
1562 1153 1651 1210 Qui

270 1239 475 1266 »mecum
501 1240 587 1268 non
609 1224 800 1284 colligit,
820 1225 983 1289 spargit
1005 1244 1015 1270 ι
1038 1248 1057 1267 ›>
1082 1226 1204 1288 quasi
1230 1225 1383 1270 dixerit
1407 1225 1609 1269 Christus
1636 1242 1646 1268 :

270 1291 321 1335 In
348 1293 405 1336 eis
436 1293 512 1355 qui
539 1311 705 1339 mecum
744 1312 830 1340 non
864 1296 1104 1355 eolligunt,
1133 1296 1262 1340 etiam
1293 1294 1411 1358 quod
1436 1311 1584 1340 verum
1610 1304 1652 1339 et

270 1360 389 1423 quod
414 1378 558 1407 meum
582 1363 807 1410 inventum
834 1365 965 1410 fuerit
982 1403 992 1421 ‚
1023 1376 1226 1425 negetur,
1255 1366 1494 1411 exsuffletur
1513 1402 1522 1420 ‚
1551 1364 1651 1410 (les-

268 1442 453 1479 truatur.
493 1434 565 1478 Ait
605 1435 734 1480 etiam
769 1436 1033 1499 quibusdam
1063 1436 1343 1481 dicentibus:
1390 1436 1616 1481 «Domine
1637 1473 1648 1491 ,

270 1522 291 1542 »
317 1502 525 1557 Domine,
563 1504 609 1548 in
643 1506 818 1550 nomine
852 1517 928 1551 tuo
950 1507 1317 1569 prophetavimus
1342 1516 1382 1550 et
1405 1505 1447 1550 in
1475 1505 1653 1550 nomine

270 1582 386 1617 »tuo
405 1572 620 1619 deemonia
641 1576 874 1633 ejecimus
898 1588 938 1621 et
963 1578 1007 1622 in
1032 1577 1206 1621 nomine
1233 1587 1308 1621 tuo
1334 1577 1513 1621 xirtutes
1534 1575 1653 1621 mul-

266 1661 287 1681 »
311 1652 371 1686 tas
390 1641 600 1696 fecimus;
623 1666 640 1685 >³
659 1661 757 1689 eum
781 1663 1122 1723 responsurum:
1149 1668 1168 1686 α
1191 1647 1289 1690 Non
1309 1646 1410 1690 novi
1428 1661 1519 1699 vos
1533 1662 1653 1691 rece-

271 1732 292 1752 »
310 1711 398 1757 dite
423 1731 445 1757 a
467 1731 534 1757 me
555 1714 629 1776 qui
655 1716 895 1777 operamini
919 1716 1215 1778 iniquitatem.
1239 1715 1500 1778 »Numquid
1524 1716 1592 1761 eti
1584 1733 1653 1761 im

271 1781 345 1826 hic
365 1782 497 1839 dixit,
528 1787 709 1847 Propter
733 1786 1005 1848 iniquitatem
1030 1797 1211 1831 vestram
1239 1804 1316 1845 neg
1309 1786 1405 1830 abo
1431 1787 1557 1831 etiam
1576 1803 1654 1832 ve-

271 1852 443 1897 ritatem
486 1871 623 1899 meam
673 1855 717 1900 in
760 1867 900 1901 vestra
939 1857 1167 1920 iniquitate
1214 1857 1467 1902 detentam?
1503 1858 1655 1920 Neque

269 1922 382 1967 enim
404 1922 447 1966 in
471 1940 649 1983 regnum
673 1942 797 1970 suum
823 1938 1076 1989 recepturus
1100 1938 1161 1972 est
1193 1944 1341 1972 omnes
1365 1964 1375 1983 ‚
1413 1927 1457 1972 in
1492 1927 1655 1990 quibus

271 1991 483 2037 invenerit
506 1994 693 2057 aliquam
718 1996 967 2051 veritatem3
990 1998 1061 2043 sed
1082 1999 1126 2042 in
1151 1998 1316 2060 quibus
1338 1997 1553 2043 invenerit
1576 2015 1654 2042 ve-

270 2061 387 2106 ritati
412 2079 649 2123 congruam
676 2066 931 2112 charitatem
957 2085 967 2112 ι
997 2066 1096 2131 qu‘ae
1120 2069 1153 2112 si
1179 2067 1370 2113 defuerit
1388 2103 1399 2123 ‚
1443 2067 1655 2130 iniquitas

274 2132 368 2177 erit.
395 2133 445 2177 In
462 2150 547 2194 qua
574 2145 712 2180 tamen
743 2136 914 2182 detenta
939 2138 1096 2183 veritas
1125 2137 1322 2197 neganda
1353 2153 1440 2182 non
1465 2147 1526 2181 est
1548 2174 1558 2192 ‚
1581 2136 1656 2182 sed

272 2201 365 2265 ipsa
392 2202 597 2265 iniquitas
617 2222 703 2249 non
723 2206 941 2252 destructa
961 2209 1138 2253 veritate
1155 2208 1403 2252 damnanda
1424 2218 1498 2253 est.
1527 2206 1652 2252 Unde

276 2286 318 2321 et
348 2275 581 2337 Apostolus
615 2275 722 2321 dicit
753 2294 762 2321 :
791 2297 811 2317 «
839 2279 892 2322 Et
924 2279 957 2323 si
991 2279 1125 2323 sciero
1151 2278 1295 2323 onmia
1321 2288 1588 2323 sacramenta
1612 2288 1654 2323 et

276 2367 297 2389 »
324 2364 493 2392 omnem
533 2347 754 2392 scientiam
779 2385 789 2403 ‚
828 2359 869 2394 et
891 2349 924 2394 si
947 2349 1144 2395 habuero
1171 2367 1342 2395 omnem
1371 2348 1652 2412 prophetiam

276 2438 296 2458 »
323 2420 367 2464 et
394 2435 562 2464 omnem
585 2418 733 2475 fidem,
758 2418 816 2465 ita
836 2430 884 2465 ut
900 2431 1066 2466 montes
1090 2419 1363 2478 transferam,
1391 2418 1652 2466 charitatem

328 2504 337 2527 ¹
359 2502 544 2542 Matth.v11‚
561 2514 615 2537 22.
