1763 2838
279 188 293 217 1
307 173 367 228 46
683 186 716 215 s.
762 183 1004 215 aversum
1041 184 1239 215 Episcopi

272 269 411 299 emere
444 267 688 316 possemus,
721 250 839 314 quod
875 250 1073 310 (objecta
1097 251 1180 296 sibi
1218 249 1468 296 Maximiani
1492 267 1646 308 nausa,

273 333 324 368 ut
344 323 631 383 intelligerent
653 338 703 367 eo
736 321 864 366 mod«)
894 337 983 365 non
1013 320 1203 366 obfuisse
1237 321 1472 367 Caeciliano
1499 321 1651 367 conci-

272 393 381 440 lium
399 410 488 456 quo
512 393 558 438 in
576 409 673 437 eum
696 391 916 437 absentem
936 391 1207 454 septuaginta
1223 391 1419 454 episcopi
1442 391 1560 454 quod
1577 408 1652 437 vo-

275 462 860 526 lueruntpronuntiaverunt
880 498 889 516 ‚
912 460 1134 524 quomodo
1157 478 1244 506 non
1265 460 1408 506 obfuit
1428 461 1651 516 Primiano

275 550 376 579 cum
415 533 612 579 similiter
648 533 866 578 absentem
900 548 982 594 pro
1016 531 1278 576 Maximiano
1312 541 1485 576 centum
1521 529 1653 576 ferme

274 604 469 668 episcopi
489 604 832 664 damnaverunt)
853 641 861 658 ,
885 602 1257 647 vehementissime
1275 601 1525 665 perturbati
1547 611 1589 647 et
1608 601 1654 646 in

275 675 515 721 horrendas
536 675 727 720 contrusi
748 674 961 734 angustias
978 673 1316 736 responderunt,
1340 694 1359 714 «
1381 674 1469 718 Nec
1483 688 1654 718 causam

277 761 440 803 causae,
466 762 546 791 nec
570 762 795 808 personam
827 743 1115 808 pra-‘judicare
1147 747 1373 807 personae?
1393 764 1414 785 ›>
1447 742 1516 788 his
1539 759 1655 806 pau-

277 815 458 861 cissimis
487 816 629 862 verbis
662 826 795 861 totam
828 825 1018 860 nostram
1051 831 1224 861 causam
1243 852 1253 871 ,
1279 815 1331 860 de
1358 831 1444 878 qua
1474 812 1656 859 cumeis

277 886 474 949 superius
492 886 834 945 confligebamus
854 923 864 942 ,
887 885 1063 931 omnino
1078 886 1284 931 invictam
1307 902 1392 930 esse
1417 885 1649 930 firmantes.

280 955 401 1013 Quid
424 955 539 1000 enim
560 955 678 1001 aliud
698 957 931 1015 agebamus
950 966 1012 1001 tot
1033 956 1283 1001 testimoniis
1304 966 1552 1001 sanctorum
1570 953 1655 1000 elo—

277 1026 503 1089 quiorum,
527 1036 648 1071 tanta
666 1026 924 1071 auctoritate
948 1026 1271 1089 Prophetarum
1292 1062 1303 1082 ,
1330 1025 1655 1088 Apostolorum,

278 1096 605 1159 episcoporum,
628 1096 911 1159 ipsorumque
929 1095 1296 1151 adversariorum,
1319 1095 1659 1140 demonstrantes

278 1166 416 1212 bonos
440 1185 463 1212 a
482 1167 607 1212 malis
638 1177 1009 1213 sacramentorum
1035 1167 1342 1212 communione
1374 1183 1460 1211 non
1489 1166 1653 1229 pollui,

278 1237 314 1282 si
337 1235 468 1282 corde
483 1274 494 1293 ,
514 1237 739 1283 voluntate
754 1274 765 1293 ,
787 1238 982 1283 moribus
1001 1275 1010 1294 ‚
1036 1237 1241 1300 operibus
1259 1236 1452 1282 diversas
1466 1236 1658 1281 babeant

280 1323 450 1363 causas,
473 1319 712 1371 gerantque
736 1312 971 1371 personas?
994 1308 1113 1364 Quid
1142 1309 1254 1352 enim
1281 1307 1404 1352 aliud
1423 1306 1659 1352 laboraba-

273 1393 371 1423 mus
387 1413 399 1433 ,
417 1377 500 1423 nisi
518 1388 567 1423 ut
585 1389 830 1442 appareret,
851 1395 927 1424 uec
948 1395 1121 1424 causam
1139 1395 1280 1424 causae
1294 1415 1304 1434 ‚
1326 1395 1406 1423 nec
1424 1393 1657 1440 personam

275 1448 568 1514 praejudicare
584 1453 808 1513 personae?
827 1451 923 1496 Hoc
942 1451 1026 1514 ipsi
1048 1450 1236 1496 breviter
1256 1449 1471 1512 compulsi
1491 1466 1658 1494 summa

275 1519 530 1566 necessitate
558 1520 763 1566 dixerunt
781 1557 791 1577 ,
823 1520 956 1583 quiat
982 1537 1083 1566 cum
1113 1538 1135 1565 a
1160 1520 1287 1565 nobis
1314 1519 1389 1565 diu
1419 1519 1656 1575 diceretur,

278 1590 449 1638 veritati
473 1590 646 1636 credere
663 1591 914 1637 noluerunt.

347 1661 470 1708 LIII.
509 1661 625 1706 Illud
653 1663 782 1707 etiam
816 1662 978 1725 quibus
1011 1661 1244 1717 thesauris,
1278 1661 1438 1726 quibus
1467 1660 1656 1724 opibus,

284 1731 446 1794 quibus
479 1732 766 1794 pretiosorum
796 1732 994 1794 lapidum
1030 1733 1254 1792 aggeribus
1290 1731 1519 1777 emendum
1545 1730 1657 1786 fuit,

285 1801 403 1866 quod
419 1806 601 1862 majores
622 1820 720 1848 suos
742 1803 861 1866 apud
885 1804 1191 1866 imperatorem
1213 1803 1545 1848 Constantinum
1568 1818 1662 1864 per-

285 1884 453 1919 secutos
477 1873 763 1918 Caecilianum
791 1891 877 1918 non
908 1874 1105 1918 confiteri
1141 1884 1309 1918 tantum
1329 1911 1339 1923 ,
1380 1871 1661 1918 verumetiam

285 1942 481 2006 profiteri
513 1952 640 2006 atque
674 1943 845 2003 gloriari
876 1943 1052 1988 minime
1084 1943 1370 1998 dubitarunt,
1398 1958 1582 2004 eumque
1606 1941 1662 1985 ab

287 2015 557 2077 Imperatore
578 2013 831 2059 damnatum
851 2014 979 2059 etiam
997 2014 1243 2059 mentiendo
1265 2030 1499 2059 asseverare
1519 2011 1664 2056 conati

289 2088 422 2132 sunt?
448 2084 535 2129 Ubi
556 2094 620 2129 est
648 2085 721 2130 illa
746 2102 823 2131 vox
845 2123 854 2141 ,
885 2102 972 2148 qua
991 2102 1066 2132 vos
1093 2085 1291 2149 decipere
1319 2093 1659 2138 consueverunt,

290 2156 420 2202 nobis
458 2155 669 2201 invidiam
703 2157 968 2202 concitantes
988 2194 997 2212 ,
1043 2157 1162 2220 quod
1200 2157 1317 2220 apud
1354 2157 1662 2219 imperatorem

292 2242 466 2273 causam
492 2243 667 2285 agamus
690 2227 924 2273 Ecclesiae?
945 2227 1031 2272 Ubi
1049 2238 1148 2272 sunt
1165 2228 1296 2273 verba
1319 2225 1527 2272 Primiani
1545 2223 1663 2287 apud

295 2308 391 2342 acta
415 2296 688 2355 magistratus
721 2297 1073 2357 Carthaginensis
1097 2315 1289 2361 expressa
1316 2316 1326 2342 ε
1355 2318 1374 2338 «
1399 2296 1468 2341 Illi
1487 2304 1666 2359 portant

291 2367 531 2413 multorum
556 2366 869 2430 imperatorum
892 2384 1029 2413 sacras
1049 2405 1058 2423 ,
1081 2384 1158 2413 nos
1177 2368 1263 2414 sola
1284 2366 1499 2413 offerimus
1517 2366 1665 2411 Evan-

292 2437 430 2500 gelia?
449 2457 470 2478 >2
497 2436 584 2482 Ubi
608 2449 670 2483 est
694 2437 764 2483 illa
790 2437 1001 2501 praeclara
1020 2437 1212 2485 laudatio
1233 2477 1242 2496 ,
1263 2455 1350 2502 qua
1372 2435 1580 2483 extollunt
1597 2451 1665 2482 sc-

342 2529 353 2549 ι
373 2524 464 2554 Forte
479 2519 545 2562 qui.
