1763 2838
315 171 401 217 158
728 183 762 214 S.
804 183 1047 215 AUGUSTINI
1084 184 1284 216 EPISCOP1

306 251 381 315 qui
406 268 448 297 se
472 250 527 296 ab
552 248 742 295 Ecclesia
766 249 983 295 catholica
1000 252 1236 314 separavit,
1263 269 1362 298 eum
1384 251 1452 298 his
1469 269 1579 317 quos
1605 270 1674 299 se-
1729 315 1734 318 Ι

307 339 409 368 cum
439 321 586 376 traxit,
621 320 811 366 desertor
839 319 923 365 suit
947 337 957 364 :
981 322 1126 367 caeteri
1159 340 1181 367 a
1211 322 1501 369 desertoribus
1521 323 1676 383 signati

308 404 409 439 sunt
426 430 436 447 ‚
457 409 545 438 non
561 402 704 436 tamen
722 391 841 451 siguo
862 391 1088 437 desertoris
1102 429 1112 448 ,
1134 392 1207 438 sed
1235 394 1354 452 signo
1381 394 1668 457 imperatoris.

308 465 408 510 Non
441 462 557 508 enim
594 461 786 507 desertor
815 462 1112 507 characterem
1151 480 1278 509 suum
1315 465 1418 511 fixit.
1467 465 1586 521 Quid
1615 475 1677 509 est

307 533 428 597 quod
452 533 552 579 dico
568 569 580 589 ,
606 532 797 578 desertor
821 533 1115 578 characterem
1135 550 1260 579 suum
1285 552 1370 579 non
1394 534 1513 580 fixit?
1535 536 1677 580 Dona-

307 616 377 650 tus
403 621 492 651 non
515 603 758 667 baptizavit
789 603 832 649 in
868 603 1041 649 nomine
1073 605 1245 651 Donati.
1286 607 1396 651 Nam
1420 606 1453 651 si
1482 606 1677 651 Donatus

306 675 484 740 quando
509 675 695 720 schisma
718 674 819 720 fecit
834 711 845 729 ‚
868 675 912 720 in
929 674 1101 720 nomine
1126 676 1286 720 Donati
1302 676 1543 739 baptizaret
1559 713 1569 730 ,
1597 676 1677 721 de-

307 746 478 792 sertoris
509 745 803 790 characterem
826 745 1024 805 infigeret
1050 763 1061 790 :
1090 762 1165 806 ego
1200 746 1376 809 quando
1403 763 1598 795 vocarem
1624 745 1678 791 ad

307 817 519 863 unitatem
533 853 544 873 ‚
571 816 606 861 si
632 815 870 863 invenirem
891 815 1117 862 desertoris
1138 817 1433 863 characterem
1450 854 1462 874 ,
1485 816 1678 863 extermi-

307 904 454 934 narem
468 924 479 943 ‚
499 886 685 932 delerem
701 886 945 944 ,abolerem
961 924 971 943 ,
992 887 1239 947 abjicerem,
1257 905 1344 934 non
1361 888 1650 952 approbarem
1665 906 1676 940 ;

306 974 552 1020 respuerem
568 994 579 1014 ,
618 956 1022 1002 anathematizarem
1039 994 1049 1013 ‚
1089 957 1341 1003 damnarem
1380 976 1390 1003 z
1434 974 1551 1004 nunc
1579 973 1680 1003 vero

307 1028 399 1091 ipse
425 1028 617 1074 desertor
633 1065 643 1084 ,
665 1027 962 1073 characterem
983 1028 1073 1073 fixit
1094 1028 1366 1091 imperatoris
1389 1029 1467 1075 sui.
1499 1030 1614 1075 Deus
1639 1037 1681 1072 et

306 1099 520 1144 Dominus
543 1109 686 1144 noster
706 1102 824 1143 Jesus
847 1098 1048 1144 Christus
1071 1099 1230 1162 quaerit
1250 1099 1509 1145 desertorem
1529 1136 1540 1155 ‚
1569 1098 1682 1144 delet

305 1169 458 1215 erroris
485 1170 674 1225 crimen,
702 1168 775 1214 sed
809 1185 898 1213 11011
927 1170 1178 1215 exterminat
1206 1187 1332 1216 suum
1365 1170 1673 1216 characterem.

306 1240 397 1300 Ego
416 1240 592 1304 quando
613 1240 740 1286 Venio
762 1239 817 1284 ad
840 1239 1012 1284 fratrem
1033 1257 1176 1285 meum
1194 1277 1205 1297 ‚
1230 1251 1271 1285 et
1288 1240 1445 1300 colligo
1468 1250 1681 1284 errantem

304 1310 478 1357 fratrem
505 1328 648 1357 meum
666 1347 676 1367 ‚
705 1309 881 1356 attendo
908 1310 1038 1355 fidem
1068 1311 1113 1355 in
1139 1312 1312 1357 nomine
1343 1311 1485 1356 Patris
1519 1320 1560 1355 et
1586 1309 1681 1354 Filii

305 1392 348 1427 et
371 1382 559 1445 Spiritus
581 1382 732 1428 sancti.
759 1383 843 1427 Iste
867 1392 928 1426 est
949 1382 1177 1427 character
1194 1381 1467 1445 imperatoris
1490 1381 1588 1426 mei.
1616 1381 1681 1424 De

305 1452 387 1498 isto
410 1453 662 1498 charactere
686 1452 897 1498 militibus
929 1452 1015 1497 suis
1047 1452 1115 1498 vel
1137 1454 1284 1515 potius
1307 1452 1545 1498 comitibus
1569 1449 1677 1506 suis,

306 1534 355 1570 ut
374 1524 496 1570 hunc
512 1523 813 1587 imprimerent
829 1522 889 1568 eis
909 1539 1019 1587 quos
1038 1524 1359 1583 congregabant
1386 1522 1536 1568 castris
1559 1525 1651 1581 ejus
1666 1556 1678 1576 ‚

304 1595 519 1659 praecepit
538 1594 685 1641 dicens
705 1612 716 1640 z
739 1595 803 1640 Ite
820 1594 1040 1657 baptizate
1057 1605 1200 1654 gentes
1217 1594 1263 1640 in
1285 1594 1460 1640 nomine
1480 1593 1621 1638 Patris
1640 1600 1683 1641 et

307 1666 404 1713 Filii
418 1677 459 1712 et
478 1666 667 1730 Spiritus
686 1665 837 1712 sancti.
866 1667 1003 1711 Istum
1025 1666 1319 1711 characterem
1338 1683 1361 1711 a
1379 1664 1567 1711 Domino
1587 1663 1681 1709 dic-

307 1748 402 1783 tum
434 1737 638 1783 omnibus
670 1736 950 1783 credentibus
993 1736 1336 1800 imprimendum
1367 1736 1470 1800 quia
1503 1743 1683 1781 noverat

309 1808 468 1854 Paulus
485 1845 497 1866 ‚
524 1807 768 1870 expavescit
785 1806 841 1851 ad
871 1824 940 1852 eos
961 1808 1037 1870 qui
1056 1807 1260 1854 volebant
1277 1824 1362 1853 6556
1382 1806 1533 1863 Pauli,
1551 1817 1595 1852 et
1607 1804 1681 1850 di-

307 1878 368 1924 cit
388 1878 447 1924 eis
466 1895 476 1923 1
516 1899 538 1920 (ι
559 1877 783 1941 Numquid
811 1877 974 1923 Paulus
1003 1895 1084 1941 pro
1118 1879 1244 1924 vobis
1266 1879 1494 1925 crucifixus
1517 1875 1639 1922 estl?
1661 1896 1681 1917 ³>

309 1948 430 2006 Quid
447 1948 578 1996 vultis
608 1966 694 1994 esse
728 1948 840 2002 mei,
875 1959 917 1993 et
940 1966 1028 1994 non
1064 1949 1199 2009 magis
1224 1949 1402 1994 Domini
1422 1948 1536 1994 mei?
1561 1945 1682 2004 Quid

305 2019 436 2066 vultis
457 2036 543 2064 6556
561 2018 644 2064 11161
660 2055 671 2074 ,
692 2029 734 2064 et
752 2035 838 2064 non
860 2019 1007 2081 potius
1027 2022 1152 2079 cujus
1171 2036 1247 2079 ego
1267 2022 1395 2065 sum?
1428 2017 1678 2078 Agnoscite‚

308 2090 519 2136 advertite
559 2089 857 2136 characterem
899 2100 1106 2136 vestrum.
1162 2089 1387 2154 Numquid
1424 2090 1469 2137 in
1508 2088 1682 2136 nomine

308 2161 436 2207 Pauli
458 2160 669 2224 baptizati
688 2160 819 2206 estis?
843 2160 914 2207 Sic
934 2178 1033 2220 ergo
1052 2178 1122 2206 cos
1141 2161 1405 2221 colligimus,
1427 2170 1475 2206 ut
1494 2176 1581 2206 non
1597 2158 1682 2204 sibi

306 2230 592 2277 blandiantur
614 2230 675 2276 illi
695 2248 803 2293 quos
820 2248 907 2276 11011
930 2231 1185 2291 colligimus.
1218 2234 1273 2277 Et
1295 2232 1378 2295 ipsi
1399 2230 1676 2290 colligantur,

307 2318 394 2347 non
419 2302 628 2347 inflentur
653 2319 664 2346 ε
690 2302 892 2358 veniant,
919 2302 1227 2365 suscipiantur.
1255 2303 1352 2348 Non
1369 2303 1414 2347 in
1430 2302 1489 2346 eis
1508 2299 1681 2346 odimus

306 2372 425 2436 quod
450 2372 531 2418 Dei
557 2383 619 2417 cst
643 2390 654 2417 ε
680 2389 768 2417 11011
793 2372 963 2418 odimus
988 2383 1029 2417 et
1058 2373 1201 2435 ipsos,
1232 2373 1335 2436 quia
1366 2372 1446 2416 Dei
1480 2381 1593 2418 sunt.
1628 2371 1682 2415 Et

308 2442 428 2506 quod
446 2442 612 2488 habent
628 2444 710 2491 Dei
726 2454 815 2500 est3
843 2454 886 2490 et
904 2443 986 2491 Dei
1008 2454 1107 2490 suut
1123 2481 1133 2501 ,
1157 2445 1260 2507 quia
1278 2443 1475 2490 homines
1497 2452 1598 2489 sunt
1608 2477 1621 2502 ‚
1640 2451 1681 2488 et

355 2525 367 2549 ¹
390 2537 402 2558 1
426 2528 500 2560 Cor.
515 2537 540 2567 1,
563 2528 615 2560 13.
