1763 2838
273 170 367 219 516
506 170 521 197 ·’-
688 177 723 208 s.
765 173 1009 206 AUGUSTINI
1044 173 1243 207 EP1scoP1

274 250 352 314 qui
375 244 679 293 commiserant
700 240 926 297 meminit,
954 239 1071 286 illius
1095 257 1193 286 vero
1217 241 1293 305 qui
1314 240 1435 286 nulla
1460 241 1647 286 commi-

274 329 385 366 serat
416 315 657 364 meminisse
693 329 782 357 non
814 311 986 374 potuit?
1006 332 1026 351 >>
1065 310 1223 356 Adhuc
1260 311 1455 370 adjungit
1483 312 1640 367 verba,

270 390 433 454 quibus
446 387 524 433 ista
539 384 746 431 sententia
761 381 937 427 uberius
952 390 992 425 et
1007 380 1179 443 planius
1199 391 1411 426 astruatur
1429 399 1439 426 z
1458 403 1478 423 «
1498 382 1638 437 Certe,

270 459 440 522 inquit,
461 456 604 520 primo
621 454 666 499 in
692 463 884 515 tempore
906 450 1041 496 Adam
1071 461 1110 496 et
1133 452 1222 497 Eva
1239 487 1250 506 ‚
1280 468 1326 496 ex
1353 451 1514 514 quibus
1534 452 1643 496 Cain

269 542 312 575 et
340 527 447 575 Abel
473 526 563 572 nati
588 534 717 578 sunt,
743 532 932 586 quatuor
963 531 1133 565 tantum
1156 520 1355 566 homines
1379 520 1508 565 fuisse
1531 520 1642 566 refe-

268 609 461 646 runtur:
497 595 696 659 peccavit
725 595 817 639 Eva
837 629 847 648 ,
878 592 1104 654 Scriptura
1134 591 1219 636 1100
1253 590 1473 653 prodidit3
1501 590 1641 637 Adam

268 685 443 733 quoque
466 663 677 728 deliquit1
698 701 708 720 ‚
747 662 894 708 eadem
920 662 1146 724 Scriptura
1177 678 1265 706 non
1298 662 1436 713 tacuit
1457 678 1467 705 :
1494 660 1567 706 sed
1599 672 1640 707 et

270 741 381 785 Cain
396 752 611 801 peccasse,
632 735 725 797 ipsa
743 749 865 795 aeque
882 731 1108 793 Scriptura
1129 742 1278 777 testata
1302 731 1392 776 est2
1415 748 1425 775 ε
1452 747 1638 793 quorum

265 827 355 855 non
374 807 503 853 modo
520 815 700 869 peccata
718 841 728 859 ,
747 803 1029 850 verumetiam
1051 813 1331 865 peccatorum
1348 801 1515 847 indicat
1533 820 1638 865 qua-

263 881 443 925 litatem.
482 875 615 933 Quod
647 875 681 920 si
703 884 745 919 et
778 872 887 919 Abel
918 884 1162 935 peccasset,
1200 883 1241 917 ct
1266 872 1351 917 1100
1380 873 1468 917 sine
1499 873 1636 918 dubio

264 950 496 1011 Scriptura
519 945 690 990 dixisset
711 961 721 988 z
746 943 924 988 sednon
946 942 1051 988 dixit
1070 980 1080 997 ‚
1106 960 1204 1002 crgo
1228 942 1390 987 necille
1408 944 1634 1004 peccavit3

262 1020 370 1083 quin
392 1018 521 1063 ctiam
540 1019 711 1075 justum
732 1012 934 1059 ostendit.
964 1013 1206 1057 Credamus
1230 1012 1361 1071 igitur
1390 1012 1507 1074 quod
1530 1013 1637 1072 legi-

261 1106 359 1135 mus
377 1125 388 1145 ,
414 1098 456 1133 et
479 1085 599 1149 quod
626 1101 715 1130 non
739 1083 920 1142 legimus
936 1118 947 1138 ‚
972 1082 1088 1129 nefas
1115 1081 1343 1128 credamus
1367 1093 1567 1130 astruere.

326 1157 461 1205 XLV.
490 1157 599 1202 Haec
622 1154 769 1200 dicens
787 1190 798 1206 ‚
827 1169 983 1215 parum
1021 1153 1205 1198 attendit
1239 1152 1357 1215 quod
1382 1153 1515 1215 paulo
1539 1164 1637 1199 ante

259 1232 352 1295 ipse
379 1230 541 1274 dixerat
562 1244 573 1270 ε
602 1245 623 1265 (ε
643 1223 742 1268 Jam
765 1233 908 1268 exorta
932 1223 1216 1268 multitudine
1241 1223 1402 1281 generis
1426 1223 1604 1268 humani
1622 1260 1633 1279 ‚

260 1301 406 1346 turbae
426 1294 733 1343 numerositate
757 1292 950 1355 potuisse
970 1293 1242 1355 Scripturam
1260 1292 1527 1338 dissimulare
1545 1311 1637 1339 orn-

253 1371 378 1416 nium
402 1375 582 1430 peccata
610 1372 846 1407 contexere.
872 1382 892 1403 »
926 1362 1022 1406 Hoc
1046 1363 1161 1406 enim
1188 1362 1222 1406 si
1245 1361 1345 1406 satis
1363 1363 1632 1419 attendisset,

256 1439 424 1487 videret
456 1435 586 1481 etiam
621 1432 667 1477 in
701 1448 788 1476 uno
821 1431 1001 1476 homine
1032 1431 1209 1476 turbam
1243 1441 1285 1475 et
1312 1431 1636 1478 multitudinem

258 1517 544 1573 peccatorum
568 1502 729 1548 levium
747 1537 758 1557 ‚
793 1500 860 1546 vel
878 1517 965 1545 non
986 1501 1176 1564 potuisse
1193 1538 1203 1555 ‚
1227 1500 1295 1547 Vel
1321 1501 1353 1547 si
1386 1502 1513 1547 etiam
1550 1520 1636 1566 po-

258 1580 372 1635 tuit,
406 1594 494 1624 non
522 1572 721 1619 debuisse
758 1571 995 1617 conscribi.
1039 1573 1100 1617 Ea
1134 1572 1301 1634 quippe
1321 1573 1482 1635 scripta
1504 1584 1632 1627 sunt,

259 1649 422 1713 quibus
447 1656 490 1691 et
512 1642 666 1689 modus
688 1640 964 1686 adhibendus
988 1641 1070 1686 fuit
1088 1679 1098 1697 ,
1126 1652 1167 1686 et
1187 1642 1338 1704 paucis
1358 1643 1560 1705 exemplis
1581 1644 1636 1689 ad

256 1718 396 1764 multa
415 1714 649 1760 necessaria
671 1711 807 1756 lector
826 1711 1119 1757 instruendus.
1147 1712 1259 1756 Nam
1278 1729 1378 1756 cum
1397 1713 1511 1775 ipsos
1529 1723 1634 1758 tunc

259 1787 475 1839 homines,
498 1783 600 1827 licet
620 1780 765 1824 adhuc
784 1796 966 1841 paucos,
985 1791 1093 1842 quot
1112 1780 1178 1826 vel
1198 1781 1272 1842 qui
1292 1780 1468 1838 fuerint,
1491 1782 1535 1827 id
1553 1794 1631 1839 est,

263 1859 403 1905 Adam
429 1866 470 1900 et
491 1854 581 1898 Eva
604 1860 711 1913 quot
731 1850 839 1895 filios
868 1860 909 1894 ct
946 1850 1056 1895 filias
1081 1854 1422 1913 procreaverint,
1463 1864 1505 1898 et
1536 1871 1635 1916 quae

262 1929 346 1975 illis
363 1924 539 1972 nomina
561 1920 863 1983 imposuerint,
891 1920 1119 1983 Scriptura
1135 1938 1469 1968 commemorare
1489 1924 1635 1969 noluc-

260 1998 319 2043 rit
345 2015 355 2041 z
386 1993 530 2058 (unde
551 1990 751 2037 nonnulli
799 2006 954 2052 parum
995 1990 1311 2035 considerantes
1344 2009 1473 2054 quam
1498 1995 1634 2040 multa

265 2067 491 2128 Scriptura
512 2061 639 2107 tacite
657 2070 886 2122 praetereat
901 2097 911 2115 ,
950 2060 1094 2122 ipsum
1123 2061 1230 2105 Cain
1251 2077 1351 2105 cum
1372 2072 1506 2108 matre
1526 2080 1634 2108 con-

264 2136 463 2184 cubuisse
485 2140 768 2195 putaverunt‚
800 2130 915 2175 unde
950 2131 1114 2192 prolem
1158 2147 1257 2192 quae
1298 2144 1634 2179 commemorata

262 2219 321 2253 est
336 2213 599 2269 procrearet,
619 2210 817 2263 putantes
836 2200 1034 2244 11115111115
1052 2199 1189 2244 Adam
1205 2217 1367 2245 sorores
1383 2218 1468 2245 non
1486 2202 1629 2257 fuisse,

261 2278 444 2340 qniaeas
467 2273 694 2333 Scriptura
719 2280 823 2314 tunc
838 2270 972 2314 tacuit
991 2269 1028 2323 ³,
1057 2280 1204 2331 postca
1226 2270 1631 2332 recapitulandoin-

262 2349 399 2393 ferens
438 2341 555 2405 quod
590 2340 947 2403 praetermiserat,
992 2339 1131 2383 Adam
1167 2338 1277 2383 filios
1320 2350 1361 2384 ct
1388 2341 1496 2386 silias
1526 2359 1633 2404 pro-

260 2432 439 2467 creasse,
475 2428 553 2456 nec
577 2421 748 2472 tempus
774 2426 860 2471 quo
893 2408 983 2454 nati
1020 2419 1143 2465 sunt,
1166 2425 1243 2454 nec
1267 2425 1524 2468 numerum,
1553 2429 1631 2457 nec

305 2500 317 2523 1
338 2492 805 2541 Gen⁵11116.—-2Id.1v‚8.
827 2509 870 2521 —-
886 2490 900 2516 3
918 2494 1002 2526 Gen.
1022 2501 1054 2535 V,
1076 2497 1109 2528 ί..
