1763 2838
220 143 279 199 40
629 159 661 187 5.
708 157 948 188 At‘Gtts'rlNl
985 157 1184 188 Eriscopi

218 223 375 268 luntati
400 239 549 269 eorum
569 223 824 268 cedentibus
843 223 1100 272 Catholicis.
1128 234 1176 268 ut
1208 239 1354 268 omnes
1377 220 1455 284 qui
1478 217 1590 265 sub-

219 295 480 356 scripserant
506 293 857 352 ingrederentur3
890 294 1092 356 apparuit
1116 305 1264 357 postea
1284 294 1368 338 hoc
1394 291 1489 337 ideo
1510 305 1592 334 vo-

219 362 345 409 luisse
391 365 636 409 Donatistas
659 401 669 416 ‚
718 364 818 426 quia
871 364 1171 410 existimabant
1217 382 1302 410 non
1346 360 1595 408 convenisse

225 433 535 492 Carthaginem
559 444 622 478 tot
647 433 898 479 Catholicos
916 471 926 489 ,
955 446 1064 496 quot
1089 434 1426 497 subscriptiones
1447 440 1594 476 osten-

224 502 454 549 debantur.
488 505 584 549 IIoc
605 515 748 549 autem
776 515 1003 567 propterea
1039 505 1269 550 credidisse
1296 501 1438 566 putati
1462 509 1562 546 sunt
1581 534 1593 552 ‚

225 575 328 636 quia
356 574 574 620 Catholici
607 593 692 620 non
719 593 764 620 ea
788 594 952 639 pompa
978 594 1062 639 qua
1084 576 1145 621 illi
1167 574 1475 634 Carthaginem
1499 571 1598 616 fue-

226 655 324 688 rant
360 645 532 704 ingrcssi
555 683 566 701 ‚
607 657 648 691 et
686 646 742 691 oh
779 646 864 691 hoe
901 665 969 692 eos
1005 664 1168 710 paucos
1204 646 1363 692 venisse
1401 641 1599 705 suspica-

227 715 405 762 bantur.

293 787 419 832 XIII.
454 786 725 832 Duodecimo
750 788 845 832 loco
873 787 1066 847 ingressis
1090 787 1304 850 episcopis
1333 782 1597 836 Catholicis,

230 872 418 918 quorum
438 858 665 919 praesentia
690 859 935 920 petebatur,
965 876 1110 903 omnes
1136 858 1384 917 singiliatim
1404 851 1599 907 recitati,

231 938 272 970 et
300 925 344 970 in
367 926 560 970 medium
585 928 865 989 procedentes
884 966 894 984 ,
927 948 947 974 a
976 929 1211 974 Donatistis
1243 925 1451 986 recogniti
1476 932 1601 976 sunt,

233 995 302 1042 Vel.
325 996 476 1040 vicinis
499 997 610 1051 suis,
644 998 709 1042 vel
734 1016 832 1043 cum
867 999 1030 1062 quihus
1065 1000 1107 1043 in
1140 1015 1225 1044 uno
1252 998 1349 1043 loco
1379 1005 1530 1041 erant:
1566 1001 1609 1036 et

234 1065 503 1128 quicumque
528 1068 825 1113 recitabantur
856 1069 1077 1114 Catholici
1098 1069 1294 1132 episcopi
1317 1085 1364 1112 ex
1383 1066 1452 1111 his
1470 1063 1575 1109 locis
1594 1098 1606 1117 ‚

235 1135 314 1181 ubi
333 1153 419 1180 non
434 1148 525 1182 erat
542 1155 642 1200 pars
667 1139 824 1183 Donati
845 1176 855 1187 .
891 1140 989 1184 satis
1010 1150 1050 1183 et
1076 1139 1178 1202 ipsis
1210 1137 1438 1183 Donatistis
1456 1144 1610 1180 notum

236 1216 327 1250 erat
346 1223 387 1250 se
412 1207 474 1251 ihi
503 1224 588 1252 non
608 1208 770 1253 hahere
792 1209 973 1268 collegas
998 1210 1063 1254 vel
1088 1210 1436 1254 communionem
1455 1220 1576 1250 suam
1597 1238 1608 1257 ‚

237 1286 278 1320 et
299 1292 385 1321 esse
403 1276 491 1322 illic
518 1277 785 1333 Catholicos‚
810 1279 874 1324 vel
902 1297 1009 1341 quos
1028 1291 1234 1324 nox'erant
1252 1317 1261 1335 ‚
1289 1279 1355 1324 tel
1375 1278 1426 1323 de
1450 1274 1613 1339 quihus

241 1345 469 1391 audierant
499 1348 543 1392 in
575 1365 663 1393 sure
683 1349 903 1394 vicinitate
934 1350 1130 1409 regionis.
1164 1352 1229 1395 lta
1254 1350 1418 1395 facttmi
1448 1357 1536 1400 est,
1567 1353 1616 1389 ut

248 1416 427 1462 omnino
450 1418 612 1463 nullius
631 1419 847 1465 Catholici
870 1420 1122 1465 recitaretur
1138 1420 1415 1484 subscriptio,
1435 1418 1619 1476 decujus

241 1488 472 1548 praesentia
492 1488 758 1537 dubitarent.
790 1492 899 1535 Sane
920 1508 1019 1536 cum
1049 1503 1223 1536 ventum
1250 1502 1354 1536 esset
1379 1490 1433 1535 acl
1460 1503 1618 1533 nomen

245 1556 487 1604 Victoriani
514 1561 737 1607 Mustitani
768 1562 972 1607 catholici
1005 1562 1197 1625 episcopi
1218 1600 1228 1613 ,
1271 1573 1312 1607 et
1344 1562 1388 1607 in
1426 1559 1618 1605 medium

243 1627 483 1690 procedens
503 1632 791 1693 respondisset
816 1650 857 1676 se
881 1633 1044 1677 habere
1068 1634 1305 1678 contrarios
1337 1632 1443 1678 duos
1462 1668 1472 1686 ,
1505 1628 1620 1674 Feli-

245 1697 419 1743 cianum
438 1699 483 1743 in
509 1700 682 1746 civitate
710 1703 943 1748 Mustitana
966 1740 976 1751 ,
1011 1713 1052 1747 et
1080 1705 1298 1748 Donatum
1318 1703 1362 1748 in
1387 1702 1483 1747 loco
1502 1703 1620 1745 Tur-

245 1768 360 1813 rensi
380 1788 390 1821 3
411 1783 635 1829 exegerunt
659 1772 901 1828 Catholici,
923 1784 970 1817 ut
990 1773 1094 1818 actis
1115 1784 1327 1819 constaret
1356 1771 1621 1817 Felicianum

247 1837 294 1882 in
322 1841 628 1887 communione
663 1860 748 1888 esse
774 1843 980 1888 Primiani
1007 1861 1017 1887 ε
1055 1845 1198 1906 ipsum
1227 1844 1341 1889 enim
1376 1843 1489 1889 inter
1519 1840 1623 1885 alios

247 1924 348 1953 cum
374 1910 636 1957 ttlaxinn'ano
661 1913 966 1958 damnaverant
992 1951 1002 1963 ,
1032 1914 1328 1960 damnatorem
1354 1911 1560 1959 Primiani
1583 1920 1624 1956 et

249 1978 539 2026 ordinatorem
572 1984 707 2046 ipsius
741 1985 1020 2039 Maximiani,
1050 2002 1177 2048 quem
1216 1996 1362 2048 postea
1390 1986 1434 2031 in
1458 1983 1624 2042 integro

246 2048 413 2095 honore
446 2065 724 2116 receperant‚
761 2072 838 2099 nec
872 2055 1167 2100 destruxerant
1203 2056 1474 2119 baptismum
1495 2054 1541 2099 in
1567 2051 1625 2097 eis

247 2135 355 2180 quos
375 2120 418 2164 in
438 2122 685 2170 Maximiani
700 2125 931 2170 schismate
946 2126 1255 2188 baptizaverat.
1278 2126 1360 2171 Sed
1378 2125 1431 2171 ad
1445 2125 1626 2170 interro-

249 2189 466 2247 gationem
495 2192 824 2240 Catholicorum
858 2196 1116 2258 respondere
1142 2198 1401 2252 noluerunt,
1438 2196 1627 2242 dicentes

252 2276 341 2304 non
363 2259 518 2308 dehere
538 2264 627 2310 hoc
652 2266 707 2311 ah
732 2267 789 2311 eis
809 2267 928 2325 exigi.
955 2269 1008 2311 Et
1031 2285 1131 2313 cum
1151 2269 1305 2313 iterum
1326 2268 1512 2331 pressius
1537 2267 1628 2313 exi-

250 2340 437 2388 geretur,
467 2332 663 2381 dixerunt
688 2340 776 2396 jam
802 2336 983 2382 interme
1016 2338 1194 2383 actionis
1232 2340 1319 2385 hoc
1347 2356 1432 2384 esse
1456 2357 1465 2384 :
1495 2350 1537 2383 et
1561 2356 1629 2384 se-

252 2398 447 2446 cundum
468 2421 537 2450 eos
560 2405 842 2452 interlocutus
864 2418 924 2452 est
941 2408 1167 2467 Cognitor,
1191 2420 1232 2453 ut
1256 2409 1341 2454 hoc
1363 2408 1480 2472 quod
1499 2425 1630 2472 coep-

246 2479 336 2515 tum
346 2468 485 2521 suerat
499 2489 709 2536 ageretur.
727 2489 767 2523 et
784 2478 892 2524 illud
905 2479 937 2524 si
950 2496 1060 2543 opus
1072 2490 1175 2525 esset
1187 2493 1332 2543 postea
1345 2491 1622 2544 quaereretur.
