1763 2838
273 153 359 197 106
688 167 721 196 ε.
766 165 1005 196 AL'GFS'HNI
1046 168 1247 197 ieriseori

264 233 540 292 gregantibus
556 231 791 277 Ecclesiam
808 248 960 293 compa
970 232 1099 284 rarit3
1119 233 1218 294 quia
1240 232 1373 277 malos
1390 232 1431 277 in
1450 232 1638 280 Ecclesia

263 321 350 347 non
372 303 617 349 manifestos
632 339 643 358 ,
672 301 743 347 sed
770 302 947 346 latentes
966 301 1143 360 intelligi
1166 303 1452 366 x·01uit‚quos
1470 304 1526 348 ita
1547 321 1638 350 nes-

262 373 385 419 ciunt
408 373 671 428 sacerdotes„
700 372 1069 435 quemadmodum
1095 374 1177 418 sub
1203 373 1412 419 lluctilius
1436 374 1543 436 quid
1565 391 1639 419 ce-

262 444 407 507 perint
438 444 542 488 retia
565 443 763 488 nesciunt
786 443 1019 506 piscatores
1045 461 1054 488 :
1080 455 1308 506 propterea
1338 461 1435 504 crgo
1461 455 1502 489 et
1522 461 1633 490 areae

265 523 517 576 comparata
541 524 625 569 est,
651 524 698 558 ut
723 514 850 558 etiam
878 513 1090 558 manifesti
1114 514 1214 558 mali
1247 513 1374 558 bonis
1398 514 1441 559 in
1462 531 1509 559 ea
1532 531 1638 577 per-

261 582 383 627 mixti
403 584 802 645 praenuntiarentur
826 583 976 629 futuri.
1006 584 1155 646 Neque
1180 583 1291 628 enim
1319 583 1442 646 palea
1463 601 1563 647 quae
1591 584 1638 630 in

265 670 359 700 area
374 665 435 700 est
449 656 660 718 permixta
679 655 924 711 frumentis,
946 656 1070 700 etiam
1088 656 1179 717 ipsa
1197 655 1275 700 suh
1292 655 1500 700 fluctibus
1513 655 1635 712 latet,

262 740 363 788 quae
384 725 443 771 sie
468 726 662 772 omnium
689 726 825 772 oeulis
845 737 908 771 cst
932 725 1169 788 conspicua
1188 761 1198 780 ,
1223 736 1270 770 ut
1301 725 1447 787 potius
1467 725 1639 771 occulta

262 794 347 840 sint
366 795 411 840 in
431 813 479 841 ea
500 795 719 842 frumenta
737 833 746 850 ‚
768 813 867 841 eum
895 797 948 842 sit
973 797 1065 858 ipsa
1093 795 1330 841 manifesta.
1366 797 1428 840 De
1451 796 1536 842 hac
1559 812 1639 842 au-

266 875 352 909 tem
381 883 490 911 areae
524 866 833 921 similitudine,
871 867 974 928 quia
1007 877 1047 911 et
1081 867 1220 928 ipsam
1247 866 1357 911 inter
1389 876 1564 911 caeteras
1591 883 1639 912 ex

265 935 500 995 Evangelio
534 953 840 999 posueramus,
868 936 982 982 nihil
1001 938 1046 982 in
1081 936 1235 982 litteris
1269 936 1354 982 suis
1388 947 1539 982 contra
1562 954 1639 982 nos

264 1005 452 1051 scribere
485 1017 725 1069 potuerunt
743 1044 753 1061 ,
781 1007 862 1051 nisi
897 1006 1126 1052 Jeremiam
1165 1006 1426 1069 prophetam
1451 1006 1599 1052 dixisse
1623 1023 1636 1052 ι

266 1094 286 1115 <‹
307 1075 427 1130 Quid
458 1076 591 1139 paleis
617 1076 668 1122 ad
696 1076 918 1122 triti0111114
937 1080 955 1122 Ὦ
975 1098 994 1118 »
1020 1075 1151 1133 Quod
1174 1076 1272 1122 ideo
1297 1075 1428 1132 dixit,
1451 1076 1554 1140 quia
1577 1076 1639 1122 si-

264 1145 382 1191 milia
400 1163 485 1191 non
503 1158 602 1192 sunt
619 1185 629 1204 ‚
648 1165 735 1192 non
753 1148 853 1210 quia
870 1148 1079 1210 permixta
1097 1164 1182 1192 esse
1198 1164 1286 1192 non
1304 1157 1486 1209 possunt
1503 1166 1514 1199 3
1537 1146 1639 1210 quia

262 1214 307 1259 in
327 1215 482 1261 horreo
500 1235 588 1264 non
606 1218 734 1263 simul
758 1229 886 1264 erunt
901 1254 911 1272 9
940 1234 1028 1262 non
1052 1217 1154 1280 quia
1180 1217 1224 1261 in
1247 1234 1342 1262 area
1366 1217 1528 1279 pariter
1550 1233 1638 1262 non

263 1285 534 1334 triturantur.
569 1289 832 1352 Quanquam
858 1289 1063 1333 Jercmias
1099 1304 1200 1332 eum
1226 1287 1312 1331 hoc
1335 1286 1520 1343 diceret,
1551 1303 1639 1333 non

261 1357 415 1415 agebat
440 1358 492 1403 de
505 1359 672 1421 populo
694 1359 770 1403 Dei
787 1396 797 1415 ,
819 1358 891 1403 sed
918 1358 971 1404 de
991 1357 1166 1402 somniis
1184 1357 1412 1402 hominum
1440 1367 1482 1402 et
1507 1357 1638 1402 visio-

263 1426 393 1472 nibus
424 1429 745 1492 Prophetarum
779 1446 789 1474 ε
817 1429 920 1492 quia
952 1429 1050 1473 haec
1080 1427 1167 1472 duo
1201 1427 1320 1472 nulla
1356 1427 1638 1473 similitudine

263 1499 557 1560 comparanda
580 1510 680 1544 sunt
695 1536 705 1554 ‚
733 1499 846 1544 sieut
868 1497 1130 1562 plenitudini
1150 1498 1281 1542 tritici
1299 1497 1486 1543 inanitas
1505 1497 1638 1560 paleae

263 1584 351 1612 non
370 1579 510 1631 potest
524 1570 784 1633 comparari.

328 1639 445 1686 MV.
488 1641 783 1686 Tentaverunt
807 1657 905 1684 sane
938 1640 1132 1702 episcopi
1156 1639 1283 1686 vestri
1311 1655 1464 1698 negare
1496 1638 1638 1701 scrip-

262 1719 358 1754 tum
382 1709 427 1754 in
453 1711 687 1770 Evangelio
705 1748 714 1765 ,
757 1710 873 1773 quod
900 1727 1007 1755 arete
1034 1710 1088 1754 sit
1127 1709 1317 1754 Ecclesia
1349 1719 1600 1771 comparata
1624 1726 1634 1753 ε

262 1780 334 1825 sed
354 1797 449 1826 mox
469 1781 828 1841 Evangelieormn
856 1781 1091 1826 verborum
1112 1780 1522 1825 commemoratione
1535 1796 1638 1824 eon-

262 1851 369 1898 vieti
389 1851 443 1896 ad
468 1851 512 1897 id
540 1869 581 1897 se
603 1863 910 1898 converterunt
929 1889 939 1907 ‚
965 1862 1013 1896 ut
1036 1851 1161 1896 etiam
1185 1851 1249 1896 ibi
1273 1850 1465 1895 dicerent
1486 1849 1639 1896 occul-

262 1931 329 1966 tos
353 1921 487 1967 malos
505 1922 789 1982 significatos,
822 1940 908 1967 non
934 1922 1179 1967 manifestos
1196 1958 1206 1976 ‚
1234 1920 1287 1966 de
1307 1921 1467 1983 quilius
1505 1920 1640 1983 serip-

262 2002 354 2036 tum
387 2002 448 2036 est
480 2010 489 2036 ε
525 2014 544 2033 (ι
571 1993 715 2038 Veniet
748 1993 885 2039 serens
913 1991 1206 2038 ventilabrum
1236 1991 1281 2036 in
1309 2007 1439 2035 manu
1472 2007 1570 2046 sua,
1598 2001 1639 2036 et

260 2061 536 2107 »mundabit
571 2081 712 2108 aream
743 2081 889 2117 suam3
916 2063 1131 2108 frumenta
1157 2061 1361 2107 recondet
1384 2061 1427 2106 in
1452 2060 1634 2117 horreo,

260 2153 281 2174 >2
300 2132 445 2194 paleas
468 2144 612 2178 autem
640 2134 868 2180 comburet
897 2134 986 2194 igni
1022 2132 1386 2191 inextinguibili?
1413 2154 1432 2173 »
1455 2131 1540 2177 Vos
1560 2131 1638 2176 ita-

258 2219 342 2264 que
361 2201 555 2260 judicate
577 2239 586 2257 ‚
606 2204 767 2264 aperite
793 2203 963 2258 oculos,
994 2202 1340 2248 auresintendite
1367 2201 1540 2248 veritati
1565 2219 1575 2246 ε
1603 2202 1637 2248 si

255 2281 508 2334 propterea,
538 2272 649 2317 sieut
673 2273 754 2335 ipsi
781 2273 1008 2327 dixerunt,
1042 2273 1253 2317 Dominus
1285 2271 1520 2317 Ecclesiam
1540 2271 1638 2316 reti-

258 2341 342 2386 bus
362 2341 656 2403 comparavit,
686 2343 893 2405 quianon
922 2342 1191 2398 manifestos,
1220 2341 1293 2387 sed
1320 2341 1498 2386 latentes
1527 2342 1571 2386 in
1591 2358 1637 2387 ea

257 2409 392 2456 malos
427 2410 607 2470 intelligi
647 2412 809 2468 voluit,
838 2429 948 2476 quos
984 2413 1045 2458 ita
1081 2429 1164 2457 non
1199 2410 1345 2459 vident
1371 2410 1633 2469 sacerdotes,

308 2493 316 2513 ¹
336 2495 457 2523 Jerem.
478 2494 704 2530 xx11r‚28.—-
726 2492 740 2513 ‘⁴'
762 2493 872 2526 Mauh.
897 2507 947 2530 ιιι,
971 2506 1020 2527 τε,
