1763 2838
67 213 122 245 DE
160 209 451 244 PECCATORUM
485 208 664 242 MERITIS
699 209 751 241 ET
786 207 1073 251 REMISSIONE,
1111 206 1200 240 ΗΒ.
1242 206 1294 240 11.
1350 193 1443 256 377

69 282 194 339 cujus
212 279 291 325 filii
314 287 516 338 generant
537 287 578 323 et
604 287 879 337 generantur,
902 275 1026 322 nullo
1041 273 1244 321 existente
1266 273 1446 320 homine

70 351 125 397 de
141 368 229 414 quo
248 351 293 397 in
312 350 395 395 hae
417 349 506 396 vita
530 349 768 395 constituto
791 347 1005 395 veraciter
1024 346 1113 392 dici
1134 344 1298 410 possit1
1322 344 1446 408 quod

69 422 242 468 nullum
262 421 424 467 habeat
449 421 626 466 omnino
651 431 882 484 peccatum
901 457 912 476 ‚
946 429 1122 482 excepto
1154 434 1241 463 uno
1277 416 1449 462 Media-

71 504 161 539 tore
178 530 189 549 ‚
211 492 289 556 qui
306 509 383 538 nos
401 492 593 538 Creatori
622 503 768 537 nostro
793 508 870 554 per
889 490 1183 536 remissionem
1202 486 1454 534 reconciliat

70 574 351 627 peccatorum
372 581 382 608 ε
404 563 519 609 idem
546 563 636 626 ipse
655 562 868 609 Dominus
892 571 1036 606 noster
1058 560 1176 605 hanc
1208 575 1330 604 suam
1358 575 1455 603 me·-

72 634 214 679 delam
248 633 378 678 nullis
407 633 570 693 generis
591 632 776 678 humani
817 631 1091 695 temporibus
1124 639 1221 675 ante
1249 628 1453 674 ultimum

69 704 267 750 futurum
290 703 668 763 adhucjudicium
688 702 915 763 denegavit
942 702 1000 747 eis
1018 739 1028 757 ,
1062 717 1169 764 quos
1192 717 1271 763 per
1301 699 1455 744 certis-

72 776 223 820 simam
247 775 568 837 praescientiam
617 784 658 819 et
697 774 890 819 futuram
938 772 1270 818 beneficentiam
1311 785 1457 814 secum

72 856 323 905 regnaturos
367 846 410 890 in
437 845 571 890 vitam
618 844 949 907 praedestinavit
986 854 1208 889 aeternam.
1259 841 1458 902 Namque

74 926 171 961 ante
217 915 486 961 nativitatem
533 916 674 960 carnis
727 914 1111 976 infirmitatemque
1163 910 1376 975 passionis
1418 919 1459 954 et

74 987 278 1032 virtutem
327 986 649 1031 resurrectionis
685 1002 773 1032 51116
799 1023 808 1041 ‚
844 1002 994 1030 earum
1029 1000 1173 1029 rerum
1210 981 1460 1027 futurarum

75 1056 160 1101 fide
180 1073 266 1113 eos,
290 1057 365 1120 qui
384 1067 488 1101 tunc
505 1055 694 1111 fuerant,
720 1056 987 1101 informabat
1006 1054 1060 1099 ad
1078 1051 1461 1110 haereditatemfsa-

75 1126 177 1171 lutis
199 1137 390 1182 aeternae,
413 1143 600 1189 quarum
621 1143 764 1172 rerum
789 1125 1069 1189 praesentium
1101 1122 1187 1168 fide
1211 1120 1462 1167 informavit

76 1215 163 1253 eos,
181 1198 255 1260 qui
277 1215 379 1243 cum
399 1209 663 1257 gererentur,
692 1197 888 1254 aderant,
914 1207 1043 1259 atque
1056 1194 1229 1256 impleri
1250 1191 1463 1255 praedicta

77 1269 340 1323 cernebant,
377 1285 561 1330 quarum
591 1268 720 1314 etiam
744 1267 1068 1331 praeteritarum
1102 1264 1189 1310 fide
1213 1264 1288 1327 qui
1316 1272 1465 1326 postea

76 1337 276 1393 fuerunt,
305 1350 346 1383 et
372 1355 450 1383 nos
469 1339 608 1402 ipsos,
644 1349 686 1384 et
715 1338 790 1402 qui
816 1338 971 1383 deinde
1000 1335 1138 1382 futuri
1167 1345 1290 1390 sunt,
1322 1331 1463 1379 infor-

78 1426 194 1454 mare
218 1426 306 1454 non
330 1419 476 1455 cessat.
511 1410 606 1453 Una
641 1426 740 1468 ergo
771 1408 876 1453 fides
913 1418 974 1452 est
1008 1422 1106 1469 quae
1143 1420 1291 1449 omnes
1326 1402 1464 1447 salvos

79 1478 208 1534 facit,
238 1480 315 1542 qui
342 1496 389 1523 ex
408 1478 572 1524 carnali
596 1479 868 1538 generatione
891 1475 1142 1540 spiritaliter
1159 1483 1463 1519 renascuntur„

81 1550 311 1595 terminata
338 1549 382 1595 in
406 1567 473 1603 eo,
497 1550 575 1613 qui
595 1549 713 1595 venit
731 1566 811 1612 pro
835 1545 1164 1607 nobisjudicari
1194 1555 1235 1590 et
1261 1542 1371 1589 mori
1392 1546 1468 1602 ju-

82 1620 160 1666 dex
183 1621 382 1665 vivorum
409 1631 451 1665 et
480 1630 770 1665 mortuorum.
813 1618 897 1664 Sed
934 1617 1065 1677 hujus
1103 1615 1232 1660 unius
1261 1613 1363 1658 fidei
1388 1629 1468 1675 pro

81 1690 410 1750 significationis
448 1691 779 1754 opportunitate
813 1707 892 1753 per
929 1689 1047 1736 varia
1084 1697 1281 1750 tempora
1316 1687 1471 1746 [sacra-

84 1771 227 1806 menta
249 1771 412 1806 variata
429 1772 545 1805 sunt.

151 1832 356 1878 XLVIII.
404 1831 525 1877 Idem
559 1831 650 1895 ipse
680 1831 829 1894 itaque
866 1829 1065 1875 Salvator
1099 1836 1160 1872 est
1186 1823 1472 1889 parvulorum

88 1911 217 1964 atque
242 1905 456 1962 majorum
472 1939 482 1958 ‚
507 1901 560 1946 de
578 1918 666 1965 quo
688 1901 890 1946 dixerunt
911 1898 1063 1958 Angeli
1081 1935 1092 1954 ,
1114 1919 1133 1938 «
1155 1897 1293 1942 Natus
1312 1905 1373 1940 est
1397 1910 1474 1938 vo-

84 1992 104 2012 »
131 1971 198 2016 bis
217 1971 349 2017 hodie
370 1972 570 2017 Salvator
583 1971 600 2000 1
620 1989 630 2016 ε
653 1993 673 2013 »
690 1981 731 2016 et
744 1971 796 2015 de
813 1987 900 2033 quo
925 1969 1095 2014 dictum
1110 1977 1171 2012 est
1190 1965 1244 2011 ad
1258 1965 1471 2024 virginem

91 2042 275 2087 Mariam
289 2079 299 2096 ‚
324 2063 345 2083 «
364 2042 554 2087 Vocabis
578 2059 736 2087 nomen
752 2045 843 2100 ejus
861 2044 1005 2085 Jesum
1024 2076 1035 2095 ‚
1062 2039 1154 2101 ipse
1172 2036 1286 2081 enim
1306 2034 1473 2080 salvum

88 2134 109 2154 »
134 2111 267 2158 faciet
286 2112 503 2175 populum
529 2128 653 2157 suum
686 2130 708 2156 a
729 2111 920 2174 peccatis
940 2107 1152 2155 eorum3:
1184 2128 1202 2147 ›>
1226 2105 1305 2151 ubi
1332 2114 1476 2167 aperte

90 2183 437 2229 demonstratum
457 2193 546 2231 est
568 2199 667 2227 eum
690 2182 776 2226 hoc
805 2180 1004 2235 nomine,
1032 2195 1119 2241 quo
1142 2175 1386 2240 appellatus
1412 2184 1474 2219 est

90 2258 238 2309 Jesus,
260 2263 444 2316 propter
467 2232 649 2297 salutem
671 2268 803 2315 quam
835 2250 965 2296 nobis
998 2247 1183 2303 tribuit,
1217 2243 1471 2291 nominari.

94 2324 219 2368 Jesus
248 2323 442 2386 quippe
478 2321 608 2367 latine
640 2321 740 2367 Salv
745 2332 837 2366 ator
871 2331 947 2366 est.
987 2318 1096 2376 Quis
1131 2327 1194 2362 est
1237 2315 1370 2374 igitur
1399 2312 1477 2376 qui

96 2392 254 2439 audeat
273 2392 416 2439 dicere
438 2392 674 2438 Dominum
693 2391 919 2437 Christum
937 2400 1109 2436 tantum
1126 2385 1367 2446 majoribus
1385 2399 1475 2429 non

145 2497 156 2519 ¹
176 2496 262 2530 vide
284 2496 376 2541 epist.
402 2497 477 2536 157.
504 2496 544 2528 ad
564 2495 735 2531 Hilarium.
765 2506 801 2531 n.
824 2501 877 2532 14.
895 2511 941 2520 —
965 2491 981 2516 ²
1009 2496 1088 2526 Luc.
1117 2501 1163 2534 11,
1186 2500 1242 2524 11.
1263 2505 1308 2512 —
1326 2485 1341 2511 3
1361 2485 1478 2519 Matth

103 2563 131 2588 1,
155 2561 209 2581 21.
