1763 2838
341 216 395 247 AD
432 215 702 247 noNAmsms
740 215 847 245 Posr
884 214 1209 246 εοιιΑΤῙοΝΕΜ.
1382 201 1466 263 137

94 301 172 348 per
200 281 415 328 notoriam
452 291 666 344 peterent,
704 290 753 325 ut
788 280 870 325 sibi
906 291 1103 326 nostrum
1134 278 1391 325 mandatum
1416 280 1472 325 ab

94 355 236 401 officio
257 354 468 408 ederetur,
496 370 583 417 quo
607 353 806 398 instructi
834 352 975 397 adesse
1002 362 1175 415 possent
1198 371 1209 404 3
1245 361 1467 396 causantes

98 424 216 488 quod
241 423 566 469 conscribendis
584 423 708 482 gestis
726 433 813 467 tam
829 431 1008 482 angusto
1036 433 1228 485 tempore
1248 438 1475 467 occurrere

94 512 183 540 non
207 504 351 558 posset
379 492 618 539 Officium?
645 493 716 538 Sic
748 493 862 537 enim
888 491 1053 537 factum
1080 503 1167 547 est,
1201 502 1250 537 ut
1281 491 1476 554 sequenti

95 564 164 609 dic
186 563 445 623 cognitionis
464 600 474 619 ,
510 563 710 626 quamvis
733 563 936 622 injustam
973 572 1168 625 peterent
1190 599 1201 617 ,
1227 562 1477 625 acciperent

95 633 376 679 dilationem:
404 633 480 696 qui
505 633 776 678 considerata
804 649 954 687 causa,
975 649 1076 695 quae
1096 632 1301 677 mandato
1329 642 1475 677 nostro

94 715 183 750 tota
208 704 545 760 continebatur,
581 721 758 764 magnas
777 704 1058 767 patiebantur
1083 703 1299 763 angustias
1323 739 1333 758 ,
1365 720 1476 748 con-

93 777 371 822 vincerentur
409 786 550 821 tamen
592 786 743 821 contra
774 793 870 821 suos
897 775 1042 821 venire
1074 791 1327 821 consensus⁸
1361 773 1481 830 Quid

93 847 209 892 enim
227 848 386 905 justius
405 882 415 895 ,
440 863 570 909 quam
597 856 741 909 petere
766 845 1016 891 dilationem
1040 856 1157 891 tanta
1182 844 1373 891 veritatis
1398 844 1478 889 fir-

94 917 241 962 mitate
262 916 490 961 turbatos?
510 916 628 979 quod
657 917 715 960 eis
740 916 905 961 utinam
930 916 1178 979 profuisset,
1204 926 1252 961 ut
1277 914 1477 960 conside-

92 997 186 1032 rato
204 986 410 1031 mandato
433 999 597 1037 nostro„
624 987 694 1031 cui
720 986 978 1050 respondere
1004 986 1182 1031 minime
1204 995 1444 1051 potuerunt
1463 1022 1473 1040 ,

93 1058 306 1117 corrigere
334 1058 480 1120 potius
494 1059 772 1120 pravitatem,
796 1076 926 1121 quam
953 1059 997 1103 in
1018 1058 1203 1103 deterius
1217 1074 1368 1117 augere
1382 1074 1479 1101 ina-

93 1128 282 1175 luissent.
316 1134 433 1173 Justc
473 1129 618 1192 itaque
655 1128 907 1174 dilationem
945 1129 1154 1191 petebant
1185 1147 1195 1172 :
1239 1127 1310 1173 sed
1336 1127 1477 1190 pridie

94 1217 182 1244 non
206 1199 448 1244 debuerant
481 1200 524 1244 in
550 1202 718 1245 notoria
752 1217 827 1245 sua
852 1200 1023 1246 dicere.
1054 1199 1150 1244 ideo
1176 1199 1257 1244 sibi
1283 1209 1476 1243 nostruin

95 1270 337 1315 edidebere
360 1270 634 1320 mandatum,
660 1282 703 1316 ut
730 1271 870 1333 parati
898 1271 949 1315 ad
977 1271 1090 1315 diem
1107 1271 1392 1315 constitutum
1409 1286 1478 1313 ve-

92 1341 253 1395 nirent,
270 1341 372 1404 quia
391 1352 635 1403 exceptores
654 1358 882 1386 occurrere
897 1358 994 1385 cum
1019 1351 1233 1398 gestorum
1255 1340 1478 1402 conscrip-

94 1411 209 1456 tione
243 1428 328 1456 non
350 1423 553 1473 possent3
594 1423 634 1456 et
668 1412 760 1474 ipso
786 1412 968 1457 actionis
1005 1412 1074 1456 die
1112 1428 1257 1456 rursus
1289 1411 1341 1456 de
1376 1410 1480 1473 ipsis

95 1483 419 1545 exceptoribus,
450 1483 551 1546 quia
577 1501 662 1528 non
689 1494 996 1533 occurrerant.
1021 1483 1128 1528 velle
1146 1483 1326 1528 causari.
1357 1481 1477 1537 Quid

95 1570 164 1597 eos
191 1552 243 1596 ad
278 1553 363 1597 hoc
387 1554 632 1616 compulit.
670 1554 749 1598 nisi
775 1554 1005 1598 vehemens
1042 1555 1317 1615 perturbatio
1342 1590 1352 1607 ,
1377 1569 1478 1597 cum

95 1623 290 1668 viderent
317 1624 378 1668 sic
399 1642 420 1669 a
444 1625 572 1669 nobis
601 1641 687 1669 esse
708 1635 846 1669 actam
875 1641 1050 1669 causam
1084 1624 1125 1669 in
1157 1624 1478 1687 conscriptione

96 1694 313 1747 mandati,
352 1705 400 1739 ut
435 1695 754 1757 responsionem
786 1696 977 1740 invenire
1010 1712 1097 1740 non
1127 1700 1332 1759 possent')
1366 1696 1478 1740 Nam

96 1765 205 1810 illud
231 1765 379 1827 quanti
399 1765 629 1810 emendum
651 1765 750 1820 fuit,
772 1776 819 1810 ut
835 1766 974 1828 ipsam
995 1765 1474 1828 peterentdilationem,

99 1847 141 1880 et
164 1837 411 1898 acciperent
436 1854 502 1881 sex
522 1836 708 1891 dierum,
734 1847 782 1881 ut
806 1854 931 1881 nemo
961 1847 1098 1898 posset
1122 1854 1191 1882 eos
1216 1836 1377 1891 dicere,
1397 1854 1479 1881 an·-

101 1907 237 1967 gustia
256 1908 458 1970 temporis
477 1907 727 1970 impeditos,
744 1925 830 1952 non
852 1909 1041 1972 potuisse
1063 1919 1209 1953 nostro
1224 1906 1482 1971 respondere

102 1977 309 2023 mandato
329 1981 346 2022 ἶ)

167 2050 333 2094 XLIII.
370 2050 470 2111 Ipso
493 2065 592 2094 vero
618 2051 744 2095 tertio
767 2061 927 2095 nostra]
955 2048 1208 2095 Collationis
1234 2048 1302 2094 die
1333 2047 1487 2111 quanti

104 2119 335 2164 emendum
358 2119 458 2173 fuit,
487 2119 605 2182 quod
630 2120 886 2164 inanissimis
905 2130 945 2164 et
963 2120 1244 2182 supervacuis
1264 2135 1485 2163 morarum

104 2189 510 2253 interpositionibus
552 2207 594 2234 se
631 2191 748 2235 omni
784 2189 916 2234 modo
948 2192 1178 2252 pervenire
1220 2189 1274 2235 ad
1314 2206 1489 2235 causam

106 2260 219 2305 nolle
251 2260 573 2316 monstrabant,
615 2271 657 2305 et
684 2277 814 2323 quam
844 2260 1002 2305 malam
1027 2277 1201 2305 causam
1242 2260 1486 2316 haberent,

107 2331 200 2394 ipso
240 2347 316 2375 suo
356 2331 510 2376 timore
550 2331 802 2377 clamabant
835 2349 844 2376 :
882 2349 1134 2395 quanquam
1175 2348 1323 2377 eorum
1361 2332 1491 2377 timor

109 2402 237 2447 etiam
253 2401 297 2446 in
316 2401 609 2447 testimonium
628 2402 986 2448 manifestissima>
1000 2403 1118 2448 vocis
1134 2403 1294 2466 erupit,
1313 2403 1491 2467 quando

110 2472 310 2517 dixerunt
334 2491 345 2517 ε
376 2495 396 2514 c<
416 2473 581 2518 Sensim
610 2474 863 2520 inducimur
886 2474 931 2519 in
955 2490 1141 2520 causam.
1173 2475 1228 2519 Et
1247 2474 1331 2520 alio
1356 2474 1453 2520 loco
1476 2511 1487 2529 ‚

112 2541 341 2601 Fervida,
379 2544 614 2609 inquiunt,
654 2555 842 2610 potestas
874 2556 945 2591 tua
980 2545 1135 2591 sensim
1175 2562 1252 2599 nos
1278 2545 1322 2591 in
1349 2561 1490 2591 causa:
