1763 2838
369 157 500 188 mma
536 156 591 188 DE
630 157 802 188 SPIRITU
839 158 892 189 ET
928 158 1124 189 mmai.
1364 144 1458 200 433

82 222 196 269 illius
219 223 427 270 Pharisaei
446 260 456 275 ,
483 223 557 287 qui
583 240 831 288 quanquam
859 225 951 269 Deo
986 225 1142 285 gratias
1168 235 1308 285 ageret
1337 241 1384 271 ex
1407 225 1457 271 iis

82 313 182 358 quae
221 295 414 340 habebat
432 331 442 349 ,
470 293 580 340 nihil
620 305 760 340 tamen
798 296 975 358 petebat
1013 295 1107 340 dari
1127 295 1223 351 sibi,
1254 307 1461 359 tanquam

81 366 221 410 nihilo
249 364 457 425 indigeret
478 364 531 409 ad
549 366 789 424 augendam
809 364 1401 428 perficiendamvejustitiam
1420 365 1454 412 1.

82 436 161 481 His
184 435 316 495 igitur
337 435 616 481 consideratis
643 436 1002 498 pertractatisque
1038 453 1118 499 pro
1154 436 1320 482 xiribus
1350 452 1458 500 quas

83 507 294 551 Dominus
319 505 480 551 donare
498 506 729 566 dignatur,
752 505 996 565 colligimus
1020 506 1353 566 nonjustificari
1371 507 1460 551 ho-

81 577 240 622 minem
268 577 643 640 praeceptisbonae
665 578 764 623 vitae
789 576 870 622 nisi
889 594 967 639 per
991 576 1120 622 fidem
1143 577 1243 622 Jesu
1272 576 1457 633 Christi,

81 646 167 692 l‘ioc
179 659 257 700 est,
273 665 360 693 non
372 648 461 708 lege
476 665 675 710 operum,
693 647 765 692 sed
780 647 897 699 fidei;
915 664 1001 691 non
1014 646 1173 704 littera,
1191 646 1262 692 sed
1275 647 1432 709 spiritu
1446 666 1458 701 ;

82 734 169 762 non
192 717 405 764 factorum
432 718 609 772 meritis,
640 717 711 763 sed
732 717 918 777 gratuita
939 718 1088 777 gratia.

146 790 315 835 XMll.
348 789 558 846 Quamvis
576 788 739 852 itaque,
763 788 857 833 illos
877 788 1038 851 quibus
1056 787 1334 834 circumcisio
1358 806 1464 852 per—-

82 859 363 915 suadebatur,
390 860 448 905 ita
466 860 683 923 corripere
708 871 835 922 atque
861 860 1074 919 corrigere
1097 859 1297 904 videatur
1316 861 1462 923 Apos—

83 930 212 986 tolus,
240 943 288 976 ut
306 931 409 990 legis
433 932 605 976 nomine
632 931 827 976 eamdem
850 931 1228 977 circumcisionem
1250 931 1457 994 appellet,

83 1012 345 1065 caeterasque
376 1001 588 1061 ejusmodi
614 1001 714 1061 legis
744 1002 1082 1056 observationes,
1110 1017 1216 1064 quas
1254 1011 1462 1064 tanquam

83 1073 261 1117 umbras
282 1073 418 1118 futuri
437 1076 529 1131 jain
557 1089 673 1117 nunc
696 1082 907 1134 respuunt
933 1071 1191 1126 Christiani,
1215 1069 1260 1115 id
1282 1081 1469 1116 tenentes

83 1144 201 1206 quod
225 1163 300 1208 per
323 1145 416 1189 illas
434 1145 608 1188 umbras
634 1144 815 1203 figurate
838 1143 1204 1206 promittebatur:
1239 1152 1383 1187 tamen
1402 1142 1469 1186 le·-

83 1231 177 1273 gem
195 1232 240 1259 ex
266 1233 349 1278 qua
370 1214 584 1259 neminem
605 1213 712 1258 dicit
733 1214 983 1273 justificari,
1014 1230 1100 1258 non
1125 1223 1292 1257 tantum
1318 1213 1363 1257 in
1383 1212 1466 1257 illis

84 1286 359 1330 sacramentis
376 1302 475 1348 quae
500 1285 748 1330 habuerunt
777 1284 1054 1347 promissivas
1084 1284 1260 1343 figuras,
1291 1300 1470 1328 rerum-

84 1357 210 1402 etiam
232 1358 275 1402 in
294 1357 376 1402 illis
392 1356 598 1419 operibus
616 1356 707 1401 vult
730 1355 929 1414 intelligi,
958 1372 1058 1417 quae
1081 1355 1277 1417 quisquis
1300 1354 1465 1409 fecerit,

78 1430 193 1486 juste
214 1428 347 1472 xix-it:
369 1428 443 1471 ubi
461 1437 521 1471 est
545 1426 725 1481 etillud,
747 1448 763 1465 α
783 1425 1187 1488 Notieoncupisees.
1214 1447 1232 1465 υ
1258 1427 1398 1488 Atque
1423 1435 1471 1470 ut

84 1498 170 1543 lioc
193 1497 310 1561 quod
341 1497 527 1543 dicimus
558 1497 634 1541 siat
652 1496 842 1559 planius,
868 1496 1011 1558 ipsum
1033 1494 1295 1554 Decalogum
1320 1495 1470 1541 videa-

83 1586 194 1617 mus.
227 1576 352 1614 (erte
371 1569 486 1613 enini
510 1567 645 1626 legem
670 1569 838 1629 Moyses
860 1565 1187 1610 ministrandam
1205 1567 1375 1629 populo
1394 1584 1470 1612 ac-

85 1641 201 1703 cepit
224 1642 269 1685 in
290 1650 459 1694 monte,
484 1639 694 1700 scriptam
729 1640 771 1683 in
799 1636 980 1699 lapideis
1002 1637 1161 1681 tabulis
1179 1638 1315 1696 digito
1338 1638 1466 1682 Dei2:

85 1711 182 1757 lifec
209 1711 358 1757 decem
387 1711 620 1773 praeceptis
648 1708 978 1766 constringitur,
1000 1708 1076 1752 ulii
1094 1707 1201 1752 niliil
1218 1709 1270 1752 de
1284 1708 1473 1754 circuni-

85 1782 245 1827 cisionc
283 1781 536 1826 mandatum
561 1790 647 1833 est,
678 1779 788 1823 nihil
813 1778 865 1822 de
891 1778 1078 1823 victimis
1098 1795 1306 1840 pecorum
1326 1816 1337 1835 ,
1369 1796 1468 1842 quae

86 1871 204 1898 nunc
226 1872 247 1898 a
269 1852 526 1897 Christianis
546 1868 634 1895 non
658 1850 954 1895 immolantur.
987 1850 1038 1893 ln
1060 1849 1141 1893 illis
1162 1850 1292 1908 igitur
1319 1849 1469 1895 decem

82 1924 328 1987 praeceptis,
340 1933 514 1984 excepta
530 1922 702 1966 sabbati
721 1920 1035 1974 observatione,
1050 1921 1224 1965 dicatur
1239 1920 1465 1983 miliiquid

86 2013 173 2040 non
193 1996 245 2039 sit
266 1992 585 2038 observandum
611 2010 634 2036 a
654 1991 923 2045 Christiano,
948 1990 1034 2034 sive
1060 1989 1113 2034 (le
1137 2007 1223 2034 non
1262 1990 1470 2035 iaciendis

87 2065 366 2127 colendisque
394 2063 519 2107 idolis
543 2062 722 2123 aliisque
748 2060 844 2105 ullis
869 2061 950 2104 diis
974 2071 1137 2122 praeter
1163 2077 1300 2105 unum
1318 2078 1469 2106 Verum

88 2139 247 2189 Deum,
278 2135 364 2179 sive
397 2133 449 2178 de
486 2149 575 2177 non
612 2130 868 2194 accipiendo
906 2131 1081 2175 nomine
1116 2130 1191 2175 Dei
1215 2130 1261 2175 in
1286 2148 1465 2187 vanum,

88 2209 173 2253 sive
194 2206 246 2251 (le
264 2205 430 2250 honore
451 2202 706 2266 parentibus
721 2200 971 2255 deferende,
990 2200 1076 2246 site
1095 2199 1147 2245 de
1169 2201 1469 2247 cavendissor·

87 2275 398 2325 nicationibus,
422 2272 694 2327 homicidiis,
721 2272 868 2325 furtis,
898 2270 1010 2315 falsis
1036 2271 1307 2326 testimoniis,
1335 2271 1467 2317 adul-

87 2348 229 2402 teriis,
256 2364 299 2391 re
336 2345 473 2390 aliena
499 2342 860 2406 concupiscenda.
894 2341 1013 2398 Quid
1038 2341 1197 2386 horum
1235 2343 1466 2406 quisquam

89 2419 242 2465 dixerit
281 2415 582 2463 Christianum
610 2432 699 2459 non
731 2414 887 2459 debere
917 2415 1108 2459 servare?
1138 2416 1205 2459 An
1230 2413 1342 2459 forte
1380 2431 1470 2459 non

137 2503 148 2525 ¹
164 2505 241 2536 Luc.
257 2512 347 2539 xviii,
365 2512 376 2531 1
390 2511 417 2532 1.
430 2518 474 2525 —
491 2499 506 2522 2
522 2500 626 2532 Exod.
647 2510 738 2543 xxm,
765 2501 828 2537 13;
850 2501 948 2531 Deut.
969 2508 1016 2542 υς,
1037 2507 1092 2538 10,
1111 2502 1142 2529 et
1155 2497 1256 2529 Exod.
1275 2509 1326 2528 πο.

254 2571 348 2602 ext..
1287 2552 1346 2596 28
