1763 2838
242 185 330 229 252
660 198 695 227 s,
740 196 982 227 AUGusrlm
1018 197 1220 227 Emscom

239 265 290 309 tis
306 262 552 308 divinarum
577 262 904 325 Scripturarum
924 262 1317 308 innumerabilibus
1336 261 1611 317 testimoniis,

236 334 396 398 quibus
431 351 483 377 ne
516 332 677 377 faciant
717 333 1030 395 prohihentur..
1060 334 1214 377 retinet
1249 350 1318 378 eos
1349 343 1462 378 certe
1486 348 1615 394 quem

240 415 389 450 testem
408 404 650 448 adhibuisti
670 440 680 458 ‚
699 403 970 448 beatissimus
987 404 1258 466 Cyprianus,
1280 402 1469 447 clamans
1488 412 1615 463 atque

242 471 511 520 contesta1151
532 491 541 517 :
563 494 583 513 «
603 473 715 529 Quia
733 484 773 518 et
793 474 823 518 si
841 473 1043 518 videntur
1061 475 1106 517 ‘in
1129 472 1317 517 Ecclesia
1338 489 1421 517 esse
1435 472 1612 526 zizania,

241 561 329 590 non
354 554 495 588 tamen
520 543 720 606 impediri
748 543 877 588 dehet
900 553 975 587 aut
1004 543 1108 587 fides
1132 554 1206 587 aut
1231 543 1419 587 charitas
1443 552 1616 596 nostra;

244 625 292 660 ut
315 615 522 678 quoniam
549 615 711 659 zizania
725 632 811 659 esse
830 615 874 659 in
902 614 1091 659 Ecclesia
1111 614 1342 669 cernimus,
1361 613 1443 677 ipsi
1461 612 1514 657 de
1536 613 1617 657 Ec-

245 686 370 731 clesia
394 685 660 732 recedamus.
683 707 702 726 n
724 686 821 730 Non
844 685 981 730 solum
1005 686 1137 730 verbo
1154 723 1164 739 ,
1185 686 1463 729 verumetiam
1483 699 1617 728 exem-

243 756 317 819 plo
341 773 416 801 suo
443 773 519 800 nos
555 756 791 800 admonens
812 793 822 811 ‚
852 756 926 817 qui
951 755 1135 814 collegas
1170 772 1266 799 suos
1283 792 1293 807 ‚
1331 753 1490 798 fundos
1512 752 1619 797 insi-

244 827 372 872 diosis
384 826 613 871 fraudibus
632 826 894 888 rapientes2,
914 826 1051 871 usuris
1064 825 1458 888 multiplicantibus
1476 823 1619 868 foenus

246 907 443 956 augentes
461 933 471 951 ‚
498 913 683 958 quorum
713 897 937 941 avaritiam
954 934 964 944 .
995 914 1081 941 non
1109 897 1199 941 leve
1235 895 1410 958 aliquod
1434 894 1614 948 vitium,

245 968 314 1013 sed
351 985 436 1012 csse
471 967 788 1023 idololatriam,
816 967 1052 1012 secundum
1092 966 1344 1030 Apostolum
1384 964 1613 1019 intellexit,

243 1056 324 1102 pro
345 1038 520 1083 unitatis
544 1038 720 1082 vincalo
755 1038 934 1100 pertulit
961 1037 1106 1086 tales-⁰³,
1132 1054 1210 1081 nec
1243 1053 1390 1080 eorum
1417 1034 1618 1093 contagio

242 1111 380 1157 factus
411 1121 473 1156 est
496 1110 591 1155 talis
613 1128 623 1154 :
659 1110 854 1155 discessit
879 1111 933 1155 ab
962 1111 1018 1154 eis
1045 1108 1393 1154 dissimilitudine
1417 1124 1586 1152 morum
1605 1143 1616 1162 ‚

244 1199 333 1228 non
350 1181 560 1227 divisione
579 1192 948 1225 sacramentorum
975 1198 984 1224 :
1008 1179 1435 1225 etimmundumnon
1454 1178 1617 1236 tetigit3

246 1251 317 1298 sed
351 1269 374 1296 a
408 1250 530 1295 factis
567 1267 711 1295 eorum
756 1250 1059 1305 abhorrendo,
1092 1267 1178 1294 non
1211 1266 1399 1293 seorsum
1432 1247 1621 1310 populos

246 1321 502 1381 colligendo.
536 1322 620 1366 Vos
645 1331 786 1366 autem
812 1320 917 1365 dum
944 1321 1172 1366 carnaliter
1191 1320 1361 1382 sapitis,
1383 1318 1502 1382 quod
1522 1318 1621 1363 dic—

246 1404 339 1437 tum
365 1402 426 1436 est
460 1409 533 1454 per
562 1392 716 1436 lsa'iam
741 1392 1005 1453 prophetam
1028 1409 1037 1435 z
1060 1413 1078 1431 α
1100 1390 1319 1435 Disceditc
1337 1427 1346 1445 ⁷
1375 1400 1416 1434 et
1438 1389 1544 1434 exite
1568 1388 1622 1433 de

249 1484 268 1505 »
294 1462 435 1508 medio
462 1479 608 1506 eorum
626 1499 636 1517 ‚
673 1473 712 1506 et
744 1462 1001 1524 separamini
1021 1499 1030 1515 ‚
1063 1461 1172 1505 dicit
1199 1461 1435 1514 Dominus,
1468 1471 1510 1504 et
1537 1460 1619 1504 im-

247 1554 266 1573 »
289 1532 503 1577 mundum
529 1549 580 1577 ne
596 1531 842 1591 tetigeritisl⁸
867 1550 876 1576 :
904 1554 922 1572 ›>
938 1542 979 1576 et
1002 1531 1221 1593 talia-quae
1244 1531 1285 1575 in
1308 1530 1546 1592 Scripturis
1562 1529 1622 1574 si-

247 1603 405 1648 militer
423 1603 538 1648 dicta
563 1614 685 1655 sunt3
720 1603 824 1648 dum
850 1603 973 1650 haec.
1010 1604 1190 1665 inquam
1209 1639 1218 1656 ‚
1244 1619 1330 1646 non
1351 1600 1618 1664 spiritaliter,

245 1673 316 1718 sed
338 1673 566 1718 carnaliter
591 1674 738 1736 sapitis
754 1711 763 1727 ‚
787 1673 888 1718 tales
914 1673 1091 1717 omnino
1113 1673 1331 1735 apparetis
1348 1710 1358 1728 ‚
1381 1671 1526 1734 quales
1546 1688 1622 1715 eo-

246 1761 342 1789 rum
359 1781 368 1796 ,
395 1745 489 1806 ipso
510 1744 735 1806 Propheta
755 1743 1024 1806 praedicante
1041 1780 1051 1795 ff
1079 1743 1364 1787 dominantur
1393 1742 1580 1787 dicentes
1607 1759 1617 1785 ε

248 1836 268 1855 α
292 1813 432 1860 Nolite
460 1831 524 1858 me
547 1824 719 1872 tangere
735 1851 744 1867 ‚
772 1814 978 1877 quoniam
1006 1813 1192 1857 mundus
1217 1813 1354 1859 sum'5.
1384 1834 1403 1854 »
1427 1814 1622 1874 Denique

247 1884 423 1947 quando
444 1883 580 1928 aliena
611 1895 791 1946 peccata
816 1900 891 1928 vos
917 1900 1118 1946 perverse
1151 1883 1381 1928 devitanda
1413 1899 1497 1926 esse
1519 1899 1622 1927 cen·-

247 1954 415 2003 suistis,
441 1953 520 1998 alia
549 1964 686 1998 vestra
722 1954 881 1998 fecistis
901 1990 911 2008 ‚
939 1953 1191 2011 sacrilegum
1222 1952 1409 1996 schisma
1436 1951 1623 2015 populos

247 2024 484 2070 dividendo
501 2062 511 2079 ‚
534 2035 574 2069 et
593 2024 840 2083 sacrilegam
865 2025 1063 2068 haeresim
1083 2034 1233 2067 contra
1259 2023 1334 2067 Dei
1354 2024 1623 2067 manifestata

247 2096 456 2159 promissa
481 2105 521 2139 et
542 2095 723 2157 impleta
748 2096 800 2139 de
824 2094 1014 2139 Ecclesia
1042 2105 1130 2138 toto
1151 2094 1255 2138 orbe
1279 2094 1431 2138 diffusa
1461 2093 1622 2137 nefario

249 2167 404 2230 spiritu
424 2165 660 2212 sentiendo.
688 2166 794 2210 Nam
815 2166 848 2211 si
862 2203 871 2218 ,
899 2176 944 2209 ut
963 2176 1090 2227 putas
1108 2175 1148 2208 et
1167 2182 1244 2208 nos
1264 2165 1307 2208 in
1325 2165 1457 2209 verbo
1481 2180 1622 2225 repre-

249 2237 404 2282 hendis
423 2273 432 2291 ‚
478 2253 562 2280 una
597 2236 831 2298 cademque
876 2236 1056 2280 societas
1097 2234 1370 2296 perditorum
1413 2233 1538 2278 simul
1582 2243 1623 2277 et

250 2306 435 2352 schisma
464 2317 504 2350 et
528 2307 703 2351 haercsis
731 2317 837 2351 esset
856 2344 865 2362 ‚
890 2324 976 2350 non
999 2306 1170 2350 dixisset
1201 2305 1354 2349 heatus
1377 2304 1624 2366 Cyprianus

250 2378 295 2423 in
316 2377 401 2422 hac
432 2377 523 2438 ipsa
556 2377 800 2439 Epistola⁶‚
829 2377 945 2422 unde
971 2377 1055 2421 hoc
1091 2375 1144 2420 de
1164 2375 1337 2420 zizaniis
1360 2375 1404 2420 in
1433 2373 1622 2419 Ecclesia

296 2478 307 2500 ¹
328 2478 425 2520 Epist.
440 2477 477 2508 ad
500 2477 629 2507 Maxim.
646 2496 688 2500 -—
703 2476 718 2498 2
734 2480 833 2508 Serm.
853 2477 891 2508 de
906 2476 1025 2518 Lapsis.
1043 2493 1087 2497 —
1107 2473 1120 2496 3
1135 2476 1233 2518 Epist,
1249 2475 1287 2507 ad
1314 2478 1435 2507 Anton.
1458 2492 1502 2498 —-
1521 2471 1534 2495 ⁴
1549 2473 1620 2506 Isa‘i.

258 2542 321 2570 ιιι,
344 2542 394 2562 12.
409 2547 454 2553 -—
471 2528 547 2561 ⁵1d.
564 2541 641 2572 ων,
662 2529 775 2563 5.-6
789 2529 889 2572 Epist,
913 2529 951 2560 ud
970 2526 1105 2559 Maxim.
