1763 2838
276 149 370 204 [420
700 157 734 187 s,
778 154 1022 187 AUGUSTINI
1057 154 1261 196 Eprscopr

279 232 442 276 luceret
478 239 730 285 agnoscenS,
764 243 783 263 «
813 222 927 277 Nos,
958 221 1100 284 inquit
1119 259 1129 278 ‚
1172 222 1225 267 de
1263 219 1533 284 plenitudine
1558 223 1648 279 ejus

282 323 303 343 >›
331 294 637 360 accepimus'l3
661 315 680 335 »
705 297 830 353 cujus
850 330 860 348 ‚
899 293 979 337 nisi
1010 292 1123 338 illius
1149 293 1296 355 utique
1320 292 1364 337 in
1388 295 1511 351 cujus
1534 305 1676 337 com-·

281 369 508 437 paratione
544 366 731 410 ²loannes
771 382 858 409 non
884 374 974 409 erat
1009 363 1189 409 lumen?
1224 363 1339 408 lllud
1363 364 1477 409 enim
1505 383 1526 405 c<
1546 363 1653 408 Erat

280 466 303 487 >³
326 457 478 490 verum
500 438 648 483 lumen
669 435 786 499 quod
812 435 1029 480 illuminat
1053 452 1225 480 omnem
1244 434 1465 479 hominem
1483 434 1654 480 venien-

282 536 304 558 »
328 524 414 559 tem
434 510 479 555 in
502 508 625 553 hunc
647 505 782 552 mund
792 505 904 552 um2.
934 527 954 546 >›
979 504 1168 550 Proinde
1193 521 1293 550 eum
1317 504 1489 549 dixisset
1512 504 1557 549 in
1587 520 1655 549 eo-

283 584 383 630 dem
407 578 580 625 Psalmo
602 595 612 621 :
636 597 655 616 «
676 576 901 621 Praeteude
926 574 1262 620 misericordiam
1282 586 1401 620 tuam
1422 574 1657 620 scientibus

283 676 304 696 »
327 665 367 698 te
385 689 395 708 ,
425 646 691 708 etjustitiam
713 657 830 691 tuam
855 646 923 690 his
941 646 1015 708 qui
1042 656 1160 690 recto
1178 656 1276 690 sunt
1299 644 1443 690 corde.
1469 645 1568 689 Non
1587 660 1657 689 ve-

283 748 305 768 »
329 725 444 778 niat,
465 719 609 782 inquit
624 755 634 773 ‚
658 717 856 779 miliipes
878 716 1119 779 superbiae,
1141 727 1182 761 et
1207 733 1360 762 manus
1378 708 1658 778 peccatorum

281 817 303 839 ))
327 811 415 840 non
439 799 610 836 moveat
633 805 701 832 me
732 805 741 831 :
775 787 838 831 ibi
872 787 1121 832 ceciderunt
1145 804 1290 832 omnes
1323 787 1399 850 qui
1425 793 1660 848 operantur

282 888 304 909 >)
327 862 600 925 iniquitatem
616 895 627 914 ,
649 857 813 920 expulsi
829 868 954 913 sunt,
978 875 1057 903 nee
1081 868 1319 921 potuerunt
1340 856 1497 903 staress.
1524 877 1544 897 »
1565 855 1661 900 Hac

282 936 447 1000 quippe
466 929 709 993 impietate,
730 945 818 991 qua
842 928 997 972 tribuit
1022 929 1105 973 sibi
1129 929 1314 992 quisque
1335 927 1456 992 quod
1479 926 1558 971 Dei
1578 935 1658 979 est,

283 1006 462 1070 pellitur
494 1002 539 1046 in
562 999 761 1045 tenebras
798 1016 920 1053 suas,
961 1016 1061 1061 quae
1102 1010 1203 1044 sunt
1239 1016 1369 1061 opera
1402 995 1656 1059 iniquitatis.

285 1077 394 1123 Haec
412 1072 529 1119 enim
554 1070 683 1133 plane
705 1068 939 1131 ipserfacit9
965 1079 1005 1114 et
1025 1068 1078 1113 ad
1097 1068 1197 1113 liaec
1230 1066 1454 1131 implenda
1489 1065 1571 1110 sibi
1603 1073 1665 1108 est

285 1147 481 1192 idoneus.
512 1142 659 1204 Opera
685 1155 787 1185 vero
807 1139 987 1197 justitiae
1008 1155 1096 1183 non
1120 1137 1249 1194 facit,
1275 1137 1355 1182 nisi
1381 1146 1594 1199 quantum
1615 1149 1663 1178 ex

285 1217 361 1262 illo
386 1215 502 1261 fonte
522 1222 650 1274 atque
668 1228 714 1254 ex
738 1210 811 1254 illo
833 1209 996 1254 lumine
1017 1208 1231 1271 percipit,
1258 1208 1336 1253 ubi
1360 1206 1523 1252 nullius
1550 1203 1663 1250 indi-

289 1304 389 1347 gens
418 1284 507 1331 vita
529 1292 590 1327 est
608 1319 618 1337 ‚
654 1291 696 1326 et
721 1281 797 1326 ubi
821 1297 908 1325 non
927 1290 988 1324 est
1008 1280 1291 1325 commutatio
1310 1316 1321 1335 ‚
1348 1295 1427 1324 nec
1455 1275 1663 1323 momenti

288 1353 569 1402 obumbratio
588 1350 620 1396 Α.

353 1426 457 1470 XII.
500 1421 603 1467 Ideo
621 1419 783 1464 Paulus
802 1420 1039 1481 apostolus,
1058 1420 1249 1482 quicum
1269 1418 1424 1464 Saulus
1438 1417 1559 1480 prius
1584 1433 1666 1462 vo·-

288 1506 477 1550 caretur5
494 1509 583 1537 non
596 1491 652 1535 ob
666 1490 830 1545 aliud-³,
847 1501 1062 1552 quantum
1077 1491 1187 1535 mihi
1202 1490 1390 1544 videtur,
1408 1489 1495 1533 hoe
1508 1503 1664 1532 nomen

287 1567 434 1627 elegit,
457 1563 539 1608 nisi
564 1572 611 1606 ut
635 1578 675 1605 se
699 1560 940 1605 ostenderet
960 1577 1147 1623 parvum
1166 1597 1177 1615 ‚
1205 1570 1413 1622 tanquam
1436 1557 1666 1602 minimum

291 1634 597 1701 Apostolorum
622 1632 658 1683 ⁶,
689 1630 878 1675 multum
909 1641 1062 1675 eontra
1085 1631 1295 1693 superbos
1324 1639 1364 1673 et
1393 1636 1664 1686 arrogantes,

290 1719 333 1753 et
358 1707 411 1752 de
431 1704 516 1749 suis
541 1701 746 1764 operibus
762 1711 1072 1762 praesumentes
1091 1737 1100 1755 ‚
1124 1716 1206 1762 pro
1225 1696 1574 1744 commendanda
1592 1696 1670 1741 ista

292 1778 375 1825 Dei
403 1773 536 1835 gratia
553 1809 563 1826 ‚
591 1771 758 1815 fortiter
785 1782 911 1833 atque
939 1772 1094 1815 acriter
1114 1770 1326 1815 dimicans
1355 1787 1365 1813 ε
1397 1768 1500 1832 quia
1522 1784 1670 1813 revera

293 1849 340 1894 in
359 1847 432 1892 illo
458 1842 696 1890 evidentior
724 1851 765 1885 et
784 1841 941 1886 clarior
966 1840 1199 1904 apparuit,
1226 1840 1423 1902 quicum
1449 1838 1550 1883 talia
1570 1854 1670 1900 ope-

295 1928 465 1964 raretur
482 1914 758 1961 vehementer
784 1911 1021 1956 Ecclesiam
1041 1911 1120 1955 Dei
1143 1926 1405 1973 persequens
1424 1946 1433 1964 ,
1461 1926 1541 1972 pro
1571 1908 1673 1970 qui-

298 1990 381 2034 bus
419 2000 588 2032 summo
629 1981 848 2044 supplicio
883 1981 1040 2041 dignus
1076 1979 1159 2025 fuit
1179 2017 1189 2035 ‚
1230 1978 1569 2024 misericordiam
1590 1993 1672 2039 pro

298 2056 575 2104 damnatione
602 2053 818 2115 suscepit,
857 2062 898 2096 et
934 2069 1016 2115 pro
1049 2068 1181 2115 poena
1208 2060 1465 2095 consecutus
1486 2058 1547 2093 est
1572 2064 1674 2107 gra-

300 2131 401 2175 tiam
423 2166 432 2184 ,
454 2125 606 2171 merito
630 2141 711 2186 pro
732 2127 766 2182 ej
777 2140 822 2167 us
843 2121 1091 2167 defensione
1115 2122 1273 2167 clamat
1288 2130 1416 2183 atque
1435 2127 1670 2174 concertat,

298 2217 378 2245 nec
396 2200 439 2243 in
456 2213 500 2241 re
514 2193 735 2258 profunda
757 2204 798 2238 et
822 2193 949 2237 nimis
968 2193 1117 2237 abdita
1142 2209 1228 2236 non
1247 2190 1580 2249 intelligentium
1595 2226 1606 2245 ,
1635 2198 1677 2233 et

299 2270 431 2316 verba
453 2283 527 2310 sua
550 2264 703 2309 sanain
721 2280 971 2325 perversum
993 2279 1162 2307 sensum
1183 2260 1537 2323 detorquentium
1555 2268 1678 2303 curat

298 2338 513 2385 invidiam
539 2355 550 2387 3
591 2334 696 2379 dum
743 2344 887 2378 tamen
932 2333 1239 2377 incunctanter
1272 2330 1484 2394 praedicet
1514 2328 1678 2374 donum

348 2439 358 2462 ¹
378 2441 472 2471 Joan.
501 2447 529 2473 x,
551 2435 665 2466 ¹6.--
688 2432 702 2453 2'
731 2432 863 2474 1!›id.9.
885 2451 927 2456 —
945 2430 1061 2467 31‘sul.
1083 2444 1179 2471 xxxv,
1205 2434 1319 2463 11-23.
1337 2449 1383 2455 —
1400 2428 1414 2453 4
1436 2429 1549 2463 Jacob.
1571 2440 1600 2469 1,
1621 2440 1677 2469 17.

297 2515 338 2522 ...
359 2493 373 2517 5
391 2496 462 2526 Aet.
479 2501 551 2529 xxxx,
571 2500 603 2530 9.
623 2488 706 2519 Vide
723 2488 777 2519 lib.
798 2490 827 2520 8.
854 2489 995 2521 Consess.
1013 2499 1039 2520 c.
1059 2494 1090 2525 4.
1110 2505 1154 2511 —
1171 2485 1185 2508 ⁶
1205 2499 1217 2518 x
1240 2489 1311 2519 Cor.
1327 2497 1380 2526 xv,
1397 2499 1432 2529 9.
