1763 2838
86 190 139 219 nn
176 190 466 219 PECCATORUM
501 189 679 220 MERITIS
716 192 768 222 Er
805 193 1090 230 urmsmmrz,
1132 195 1218 225 mn.
1260 196 1310 226 11.
1368 182 1460 229 385

84 253 234 299 tudine
257 255 395 300 carnis
413 255 577 317 peccati
596 292 605 310 ‚
637 256 725 301 sine
744 268 924 319 peccato
944 258 1047 302 rixit
1073 259 1182 304 inter
1206 261 1341 306 aliena
1359 280 1460 325 pec-

84 336 204 379 cata,
241 325 329 370 sine
356 337 535 387 peceato
563 337 757 372 mortuus
789 339 849 372 est
876 338 1061 390 propter
1085 340 1227 375 nostra
1257 344 1453 393 peccata.

83 416 102 435 «
127 395 222 441 ixon
245 395 508 442 declinemus
522 398 565 442 in
586 396 801 443 dexteram
818 408 892 443 aut
910 398 956 442 in
975 398 1226 447 sinistram1.
1250 422 1270 443 »
1291 403 1342 447 ln
1364 403 1459 449 dex-

82 475 217 510 teram
243 466 355 511 enim
377 466 618 523 declinare,
657 478 718 513 est
743 485 785 513 se
812 468 954 530 ipsum
981 467 1181 532 decipere
1210 471 1397 519 dicendo
1419 492 1461 520 se

81 553 166 581 esse
189 536 278 582 sine
300 549 480 600 peccato
505 556 515 582 ε
538 539 583 583 111
613 539 828 584 sinistram
860 549 1001 584 autem
1019 576 1028 594 ‚
1067 558 1144 603 per
1168 543 1311 589 nescio
1328 562 1460 608 quarn

79 624 324 668 perversam
359 619 400 653 et
432 626 613 671 pravam
652 610 922 655 securitatem
960 627 1001 655 se
1035 620 1244 674 tanquam
1281 614 1460 679 impune

81 677 182 722 dare
205 679 409 741 peccatis,
443 701 462 719 «
483 679 581 725 Vias
608 680 722 725 enim
747 695 846 742 quae
869 697 891 723 a
915 678 1071 726 dextris
1095 693 1195 728 sunt
1218 685 1338 732 novit
1364 688 1459 733 Do-

81 768 101 787 »
119 748 284 804 minus,
311 770 330 790 >³
360 749 436 811 qui
460 750 572 794 solus
610 750 698 794 sine
721 759 903 811 peccato
937 761 1023 805 est,
1065 761 1105 796 et
1134 763 1277 798 nostra
1319 767 1462 818 potest

80 817 220 862 delere
246 830 422 881 peccata
450 837 460 863 :
489 842 507 859 α
529 821 746 865 Perversae
769 830 908 864 autem
929 831 1028 866 sunt
1050 838 1148 884 quae
1169 841 1192 868 a
1210 823 1414 884 sinistris,
1440 849 1460 870 »

81 889 286 934 amicitias⁵
305 906 403 934 cum
434 891 634 951 peccatis.
667 889 791 935 Tales
819 889 950 935 etiam
977 891 1042 936 illi
1066 892 1219 952 viginti
1248 913 1462 944 annorum

81 957 387 1004 adolescentuli
412 961 597 1019 figuram
622 961 723 1006 11011
742 961 895 1024 populi
916 963 1221 1024 praemiserunt
1243 966 1284 1028 (1
1305 968 1362 1029 1),
1384 969 1460 1032 qui

79 1030 124 1075 in
148 1040 304 1075 terram
340 1032 637 1092 promissionis
667 1033 887 1077 intrarunt
906 1070 916 1088 ‚
956 1033 1032 1095 qui
1056 1051 1134 1079 1100
1170 1036 1216 1080 111
1244 1037 1459 1084 dexteram

79 1118 157 1145 nec
187 1102 230 1145 111
252 1101 466 1146 sinistram
492 1102 598 1147 dicti
627 1114 727 1148 sunt
759 1102 1005 1149 declinasse.
1038 1103 1136 1149 Non
1168 1107 1282 1152 enim
1306 1108 1462 1168 viginti

81 1188 293 1216 annorum
318 1183 420 1217 aetas
443 1173 742 1235 comparanda
763 1182 823 1218 est
848 1173 1107 1219 innocentiae
1130 1177 1416 1237 parvulorum
1447 1198 1456 1224 :

80 1242 150 1287 sed
170 1279 180 1297 ‚
212 1242 255 1287 ni
276 1242 399 1287 fallor
419 1281 428 1297 ‚
457 1244 529 1287 1110
553 1261 758 1289 numerus
778 1245 1010 1306 mysticum
1033 1244 1198 1306 aliquid
1224 1247 1458 1296 adumbrat

79 1323 120 1357 et
146 1323 327 1358 resonat.
359 1313 491 1358 Vetus
523 1315 636 1358 enim
668 1315 991 1359 Testamentum
1024 1314 1069 1358 111
1099 1315 1292 1379 quinque
1318 1319 1457 1383 Moysi

79 1383 202 1427 hbris
222 1383 409 1430 excellit.
430 1385 601 1429 Novum
626 1395 768 1428 autem
788 1395 979 1447 quatuor
1004 1385 1340 1444 Evangeliorum
1359 1407 1458 1435 auc-

83 1453 249 1498 toritate
270 1453 495 1516 praffnlget
522 1491 531 1499 .
558 1455 633 1517 qui
652 1455 818 1499 numeri
843 1472 921 1516 per
938 1471 979 1498 se
1003 1454 1285 1517 multiplicati
1305 1459 1360 1503 ad
1386 1461 1455 1506 vi-

80 1541 234 1569 cenum
273 1525 534 1587 perveniunt
562 1542 571 1568 :
607 1536 762 1588 quater
793 1525 906 1568 enim
937 1524 1090 1588 quini,
1128 1525 1194 1571 vel
1230 1529 1458 1592 quinquies

78 1595 303 1657 quaterni,
334 1595 487 1654 viginti
517 1606 627 1641 sunt.
662 1595 778 1640 'salis
805 1595 1022 1657 populus,
1052 1605 1099 1639 ut
1120 1597 1328 1658 prcedixi,
1356 1618 1458 1647 eru-

80 1665 195 1710 ditus
219 1666 263 1710 in
296 1683 424 1725 regno
450 1665 665 1710 coelorum
695 1682 773 1728 per
806 1664 893 1709 duo
926 1666 1227 1723 Testamenta,
1257 1669 1388 1716 Vetus
1416 1684 1458 1718 et

81 1737 279 1791 Novum,
321 1754 407 1781 non
435 1736 654 1781 declinans
683 1736 727 1780 in
758 1736 1188 1798 dexteram‘superba
1208 1756 1459 1805 prresump-

81 1808 194 1852 tione
207 1808 413 1866 justiti-te,
437 1824 574 1869 neque
592 1807 636 1851 in
653 1806 869 1851 sinistram
890 1823 1038 1850 secura
1056 1806 1342 1856 delectatione
1358 1830 1459 1875 pec-

80 1878 188 1932 cati,
216 1878 260 1922 in
286 1889 441 1922 terram
475 1876 770 1940 promissionis
791 1876 976 1921 intrabit
1000 1894 1009 1920 :
1051 1876 1127 1921 ubi
1155 1881 1249 1936 jam
1278 1895 1457 1942 peccata

82 1947 259 1993 ulterius
290 1965 368 1993 nec
402 1948 528 1992 nobis
559 1946 762 1992 donanda
787 1958 1009 2009 optemus,
1046 1964 1123 1991 nec
1148 1948 1192 1992 in
1218 1950 1344 1996 nobis
1366 1970 1457 2015 pu-

80 2018 236 2063 nienda
258 2019 483 2063 timeamus
503 2055 512 2069 ,
542 2017 596 2061 ab
623 2016 697 2061 illo
722 2015 1015 2078 Redemptore
1050 2016 1249 2074 liberati,
1271 2021 1347 2083 qui
1370 2039 1457 2068 non

81 2087 368 2133 venumdatus
392 2088 472 2132 sul)
494 2097 674 2150 peccato
691 2124 700 2141 ,
718 2085 900 2130 redemit
921 2086 1055 2130 lsrael
1074 2087 1129 2131 ab
1150 2089 1354 2136 omnibus
1369 2093 1458 2139 ini-

79 2159 322 2221 quitatibus
347 2162 436 2216 ejus
456 2195 465 2204 .
496 2158 581 2202 sivo
609 2156 787 2219 propria
809 2159 1067 2218 cujusquam
1087 2157 1175 2202 vita
1199 2162 1454 2222 commissis,

82 2230 167 2273 sive
187 2228 452 2287 originaliter
479 2227 637 2272 tractis.

146 2298 307 2342 [Viti.
346 2298 440 2340 Non
467 2298 579 2340 enim
606 2312 759 2357 parum
789 2297 1044 2357 paginarum
1076 2297 1322 2346 divinarum
1350 2321 1460 2350 auc-

82 2369 239 2413 toritati
266 2367 523 2428 veritatique
551 2377 796 2415 cesserunt,
831 2366 904 2427 qni
941 2367 1015 2411 etsi
1047 2367 1279 2415 noluerunt
1309 2372 1461 2421 litteris

84 2441 174 2498 Suis
200 2449 343 2500 aperte
368 2437 629 2498 exprimere.
661 2435 850 2497 parvulis
873 2436 1159 2482 remissionem
1182 2445 1459 2490 necessariam

149 2524 154 2543 ¹
180 2526 186 2552 l
204 2533 247 2551 1'2*
264 2546 268 2550 .
291 2533 327 2552 11,
360 2534 364 2543 ·

228 2589 318 2615 1
1283 2578 1340 2619 25
