1763 2838
267 204 325 250 70
673 201 707 231 S.
750 200 993 233 AUGUSTINI
1029 202 1233 234 EPISCOPI

264 277 306 313 et
340 265 460 330 quod
490 265 573 330 ipsi
598 264 800 328 primitus
835 268 1016 326 majores
1051 284 1146 313 suos
1171 266 1291 331 apud
1324 267 1637 332 Imperatorem

267 348 552 392 accusassent,
585 346 710 399 atque
732 337 775 381 in
797 336 1051 395 hujusmodi
1077 339 1237 384 mutuis
1257 339 1437 399 objectis
1452 340 1528 385 diu
1541 357 1639 384 con·

267 408 387 453 ssicto
409 418 674 453 versaretur:
707 408 861 452 maluit
883 409 1091 468 Cognitor
1114 410 1210 455 haec
1235 411 1379 456 omnia
1402 411 1606 457 cohibere
1623 447 1635 467 ,

266 478 524 542 promittens
551 478 602 523 de
630 477 698 524 his
727 479 943 538 judicium
976 480 1214 542 posteriore
1239 482 1461 528 sententia.
1491 484 1545 526 Et
1569 499 1640 526 re-

267 550 391 596 citari
407 550 533 608 jussit
551 549 669 612 quod
689 568 709 595 a
731 550 970 596 Catholicis
997 551 1196 596 oblatum
1221 555 1311 611 jam
1343 551 1425 612 legi
1448 562 1641 615 coeperat

268 631 310 666 et
345 620 485 666 fuerat
514 621 821 683 interruptum.
860 621 931 667 Sic
959 632 1135 684 peracta
1156 633 1217 667 est
1248 639 1376 667 causa
1401 622 1606 668 Ecclesiae
1626 659 1638 678 ‚

266 708 398 755 quam
419 708 676 755 magnopere
703 691 922 737 Catholici
951 703 1209 737 curaverant
1233 710 1255 736 a
1275 691 1499 737 Caeciliani
1516 709 1644 738 causa

268 761 552 821 distinguer03
582 761 788 824 quoniam
813 762 850 806 ei
883 779 968 807 non
992 774 1135 825 posset
1163 762 1397 822 cujuslibet
1428 763 1644 825 prerjudi-

271 833 361 877 cari
387 833 674 889 criminibus,
708 850 806 896 quae
838 844 987 878 contra
1014 851 1159 878 omnes
1192 834 1405 878 humanas
1437 833 1646 878 crimina-

274 903 408 947 tiones
431 913 492 947 tot
516 904 757 948 testimonia
782 903 929 949 divina
956 904 1192 950 meruisset.
1221 905 1281 948 Ex
1298 903 1383 949 hoc
1399 907 1490 963 jam
1510 905 1649 967 coepit

272 974 341 1034 agi
358 973 486 1018 etiam
507 990 632 1018 causa
654 974 893 1020 Caeciliani.

335 1044 497 1090 XXIV.
526 1044 690 1099 Quinto
714 1061 812 1104 ergo
829 1044 925 1089 loco
946 1043 1046 1089 haec
1069 1055 1164 1089 aeta
1193 1055 1304 1091 sunt.
1327 1044 1535 1090 Recitatae
1549 1054 1652 1089 sunt

273 1114 373 1160 duae
393 1114 617 1160 relationes
643 1115 819 1160 Anulini
841 1115 1113 1177 proconsulis
1137 1114 1190 1160 ad
1214 1114 1652 1161 Constantinumim-

272 1195 516 1248 peratorem
540 1203 550 1230 z
581 1203 664 1230 una
681 1202 781 1249 quae
800 1189 891 1244 jam
917 1186 1114 1248 superius
1139 1196 1228 1230 erat
1248 1187 1420 1231 recitata
1438 1223 1448 1241 ‚
1472 1203 1557 1249 qua
1580 1203 1652 1230 os-

274 1255 611 1315 tenditmajores
633 1256 956 1300 Donatistarum
974 1293 983 1310 ‚
1011 1255 1055 1300 id
1081 1266 1166 1309 est‚
1191 1255 1243 1300 de
1269 1266 1392 1318 parte
1418 1256 1618 1315 Majorini
1638 1292 1650 1311 ,

277 1326 441 1372 dedisse
472 1327 554 1372 sibi
592 1327 764 1372 chartas
801 1327 1032 1372 criminum
1071 1326 1320 1382 caviliani,
1349 1337 1390 1372 et
1420 1326 1656 1390 postulasse

275 1398 559 1442 Constantino
584 1398 830 1453 mittendas,
854 1415 981 1461 seque
1004 1398 1096 1443 illas
1128 1408 1365 1442 memorato
1395 1396 1657 1460 Imperatori

277 1468 462 1513 misisse:
492 1468 623 1513 altera
649 1480 790 1514 autem
816 1486 902 1532 qua
926 1468 1114 1514 ostendit
1133 1486 1178 1514 ex
1196 1468 1386 1528 ejusdem
1409 1469 1656 1531 Imperato-

278 1539 334 1584 ris
351 1540 542 1599 jussione
561 1539 693 1585 denos
711 1558 757 1585 ex
783 1551 965 1602 utraque
990 1551 1130 1603 parte,
1157 1539 1209 1584 ad
1231 1539 1440 1598 agendam
1461 1555 1653 1594 causam,

278 1621 326 1654 ut
347 1610 581 1664 mitterent„
610 1627 679 1654 eos
703 1628 744 1654 se
766 1612 1032 1665 convenisse,
1060 1622 1189 1672 atque
1204 1610 1298 1654 illos
1313 1610 1557 1672 promisisse
1570 1609 1659 1654 fac-

281 1692 413 1726 turos.
446 1681 561 1725 Tum
603 1680 760 1725 deinde
791 1680 913 1725 lectar·
941 1690 1040 1725 sunt
1076 1680 1203 1724 etiam
1233 1680 1388 1725 litterae
1419 1678 1660 1742 supradicti

280 1750 559 1813 Imperatoris
579 1750 631 1795 ad
656 1751 883 1813 episcopos
904 1749 1037 1801 datae„
1062 1749 1139 1794 ubi
1160 1750 1216 1794 eis
1238 1767 1410 1795 causam
1434 1748 1662 1795 Caeciliani

281 1822 467 1881 injunxit
500 1821 775 1868 audiendam.
821 1823 961 1884 Atque
988 1821 1089 1866 inde
1125 1838 1170 1864 ex
1210 1820 1360 1865 ordine
1396 1821 1477 1880 legi
1520 1819 1658 1882 coepit

282 1893 411 1938 etiam
440 1892 684 1955 episcopale
712 1892 929 1952 judicium
958 1892 1219 1938 Melchiadis
1245 1892 1433 1937 Romani
1465 1890 1659 1954 episcopi

283 1975 325 2008 et
341 1964 522 2008 aliorum
543 1980 641 2008 cum
663 1963 736 2008 illo
760 1962 986 2008 Gallorum
1016 1973 1058 2007 et
1086 1962 1294 2007 Italorum
1318 1962 1621 2024 episcoporum
1645 1997 1656 2016 ,

286 2034 329 2078 in
356 2033 503 2079 eadem
526 2034 633 2078 urbe
656 2036 810 2078 Romae
830 2033 1012 2082 sactum.
1033 2036 1157 2091 cujus
1172 2033 1329 2091 judicii
1354 2033 1493 2095 prima
1519 2042 1659 2094 parte,

287 2104 329 2149 id
352 2114 429 2157 est,
454 2104 579 2162 gestis
600 2104 727 2166 primi
754 2104 836 2148 diei
862 2104 1065 2158 recitatis,
1094 2104 1169 2148 ubi
1189 2115 1455 2148 accusatores
1471 2101 1664 2147 Caecilia-

289 2174 331 2218 ni
354 2174 427 2235 qui
459 2174 570 2218 missi
594 2175 761 2218 fuerant
785 2211 793 2223 ,
819 2184 1082 2231 negaverunt
1109 2191 1149 2218 se
1172 2174 1333 2218 hahere
1354 2172 1472 2235 quod
1500 2172 1542 2216 in
1567 2188 1664 2217 eum

289 2244 509 2293 dicerent3
543 2244 619 2290 uhi
658 2244 786 2288 etiam
818 2245 1012 2288 Donatus
1037 2262 1057 2289 a
1086 2244 1202 2288 sasis
1234 2244 1364 2302 nigris
1395 2244 1439 2288 in
1466 2242 1670 2305 praesenti

292 2314 520 2359 convictus
544 2324 631 2369 est,
660 2314 806 2359 adhuc
832 2314 1016 2359 diacono
1042 2314 1278 2358 (Joeciliano
1312 2314 1498 2359 schisma
1523 2312 1670 2358 secisse

290 2384 582 2443 Cartliagi1w3
628 2384 680 2429 de
715 2385 988 2443 (earthagmis
1023 2385 1135 2429 enim
1176 2385 1404 2429 schismate
1441 2393 1584 2428 exorta
1611 2392 1672 2428 est

299 2455 500 2500 adversus
531 2454 764 2499 Ecclesiam
791 2454 1052 2500 catholicam
1080 2472 1178 2517 pars
1212 2454 1367 2499 Donati
1395 2471 1404 2498 τ
1434 2454 1510 2499 ubi
1541 2454 1671 2499 etiam

300 2525 589 2589 promiserunt
615 2524 743 2570 iidem
771 2525 998 2571 adversarii
1016 2525 1241 2571 Caeciliani
1263 2525 1346 2571 alio
1370 2524 1440 2571 die
1457 2542 1498 2571 se
1515 2541 1671 2588 reprae-
