1763 2838
270 143 355 189 138
672 159 707 190 s.
750 157 994 189 Aueusnm
1029 157 1230 190 131>1scor1

258 222 427 268 interna
452 222 625 270 deduci,
650 246 664 265 η
695 224 733 270 O
759 223 964 271 violentia
987 224 1195 280 veritatis,
1224 225 1419 288 quolibet
1442 227 1589 276 eculeo
1610 263 1622 286 ,

257 293 527 356 quibuslibet
545 310 631 353 ung
618 293 716 339 ulis
730 293 881 339 fortior
899 293 953 338 ad
965 294 1286 373 exprimendam
1297 297 1621 346 confessionem!

258 364 585 440 Coxig‘iegaiitui
599 381 646 408 ex
668 364 864 409 universa
886 363 1028 409 Africa
1049 374 1111 410 tot
1130 366 1357 444 episcopi,
1379 369 1625 429 ingrediun-

262 443 331 478 tui
350 436 381 477 C
389 433 500 478 ἰι-’[1]
493 451 540 492 ig
538 433 658 478 inem
689 450 788 480 cum
820 444 937 479 tint-a
960 434 1140 496 speciosi
1162 436 1341 495 agminis
1363 456 1553 501 pompa,
1580 449 1630 487 ut

266 515 351 548 tam
376 521 542 563 maone
564 505 668 550 civit
673 505 750 551 atis
767 505 945 551 oculos
935 523 980 550 in
1000 522 1041 551 se
1065 505 1435 572 intentionemque
1458 526 1634 556 conver-

265 584 370 620 tant.
403 574 492 630 Qui
516 574 752 638 loquantur
784 593 862 639 pro
888 576 1119 632 omnibus,
1158 577 1377 636 eliguntur
1408 579 1462 626 ab
1492 580 1637 626 omni-

265 644 363 690 buS.
396 645 539 690 Locus
561 646 688 691 etiam
712 663 756 691 re
784 656 899 691 tanta
925 645 1079 705 dignus
1098 645 1142 691 in
1163 647 1270 693 urbe
1297 648 1438 696 media
1472 667 1638 712 procu-

262 724 394 760 ratur.
440 715 621 778 Utrique
648 717 943 771 conveniunt,
983 716 1112 775 Judex
1145 728 1305 778 praesto
1342 730 1436 775 est,
1475 719 1638 771 tabulae

263 794 416 846 patent
435 821 445 840 ,
467 802 673 849 suspensa
691 786 887 832 omnium
908 786 1039 831 corda
1058 786 1217 832 exitum
1235 798 1367 834 tantae
1384 788 1639 838 Collationis

262 865 500 916 expectant.
530 857 656 902 Tunc
678 874 700 901 a
718 856 958 902 lectissimis
993 868 1033 902 et
1057 856 1346 904 disertissimis
1362 859 1481 915 viris,
1501 877 1639 923 quan-

267 924 318 969 tis
343 925 509 970 viribus
534 926 602 985 agi
622 926 774 971 debuit
795 926 976 989 aliquid,
1004 928 1132 972 tantis
1157 928 1298 987 agitur
1325 939 1373 974 ut
1396 940 1547 989 agatur
1569 929 1641 976 ni-

264 994 342 1041 hil.
372 998 589 1051 Quaerunt
625 1014 828 1059 personas
859 997 1017 1042 forensi
1051 1015 1170 1043 more
1205 998 1419 1044 discutere
1439 1036 1450 1056 ‚
1485 1000 1528 1045 in
1554 1016 1641 1063 qua

266 1066 506 1129 quaestione
546 1085 704 1113 annosa
739 1068 866 1113 etiam
916 1079 1111 1131 tempora
1154 1069 1387 1128 litigatores
1425 1080 1641 1116 conterere

271 1148 604 1184 consueverunt.
638 1139 722 1183 Ista
738 1139 904 1201 quippe
932 1139 1098 1183 actione
1120 1138 1372 1184 Catholicos
1388 1139 1643 1187 mandatum

267 1223 391 1252 suum
418 1206 575 1253 divinis
600 1209 745 1271 potius
767 1209 1019 1254 testimoniis
1035 1226 1164 1272 quam
1185 1208 1429 1256 forensibus
1447 1209 1644 1258 formulis

268 1278 572 1341 conscripsisse
591 1279 774 1325 confessi
805 1291 932 1336 sunt,
967 1291 1009 1325 et
1039 1280 1231 1325 similiter
1262 1297 1303 1325 se
1328 1280 1380 1326 de
1406 1281 1645 1345 Scripturis

273 1365 552 1411 responsuros
570 1367 655 1395 esse
678 1351 984 1413 promiserunt.
1015 1352 1069 1395 Et
1098 1351 1302 1414 quoniam
1330 1351 1515 1397 mirifica
1543 1352 1644 1416 opi-

273 1418 481 1465 tulatione
506 1422 621 1466 Deus
643 1421 778 1467 voluit
798 1459 808 1476 ‚
846 1432 894 1466 ut
917 1438 1017 1467 cum
1045 1432 1249 1484 quaerunt
1278 1439 1504 1485 personam
1531 1423 1646 1486 peti—

274 1489 374 1534 toris
395 1527 405 1546 ,
439 1508 492 1535 ne
522 1490 742 1536 veniretur
766 1491 821 1536 ad
850 1508 1055 1544 causam;
1082 1491 1174 1553 ipsa
1209 1492 1432 1555 inquisitio
1454 1492 1649 1555 petitoris

271 1560 417 1606 subito
453 1561 498 1606 in
531 1561 722 1606 medium
750 1562 938 1606 mitteret
967 1578 1140 1607 causam
1164 1598 1174 1617 ,
1219 1562 1411 1607 clamant
1448 1563 1650 1625 praeclari

273 1629 353 1675 viri
378 1630 453 1692 qui
481 1630 535 1676 ad
556 1631 767 1690 agendum
794 1631 1058 1678 videbantur
1083 1631 1222 1687 electi,
1261 1648 1310 1677 ac
1346 1649 1387 1677 se
1419 1633 1564 1695 potius
1595 1632 1649 1678 ad

274 1716 362 1744 non
395 1700 608 1759 agendum
643 1701 798 1746 electos
832 1719 918 1747 esse
951 1712 1160 1747 testantur
1179 1739 1189 1757 ,
1213 1712 1254 1746 et
1277 1701 1487 1748 invidiose
1508 1702 1651 1762 J‘udici

275 1782 620 1833 conqueruntur,
652 1772 805 1816 sensim
831 1789 872 1817 se
897 1772 940 1817 in
959 1789 1099 1818 causze
1122 1773 1290 1817 interna
1317 1771 1473 1818 deduci
1494 1790 1504 1817 :
1527 1772 1652 1836 quasi

276 1840 439 1903 aliquid
464 1841 583 1887 aliud
615 1842 915 1904 prietermissis
949 1842 1154 1888 omnibus
1178 1842 1243 1901 agi
1268 1842 1496 1898 debuerit,
1518 1859 1650 1905 quam

274 1909 383 1955 illud
409 1910 527 1973 quod
555 1921 673 1956 tanto
693 1923 789 1974 post
809 1949 818 1967 ,
849 1911 917 1956 vel
940 1928 1030 1956 sero
1063 1912 1128 1970 agi
1150 1911 1381 1965 nolebant3
1406 1913 1508 1975 quia
1544 1929 1654 1958 nun-

276 1996 407 2042 quam
432 1998 608 2043 prorsus
636 1982 702 2042 agi
729 1982 953 2038 volebant,
984 1982 1060 2027 ubi
1083 1982 1195 2027 vinei
1218 1982 1482 2029 metuebant.
1513 1982 1654 2042 Hujus

276 2051 442 2098 timoris
469 2053 782 2115 apertissimam
808 2070 956 2100 vocem
981 2052 1078 2115 quis
1101 2052 1155 2098 de
1178 2052 1353 2098 illorum
1379 2052 1524 2098 clauso
1546 2069 1655 2115 pec-

280 2132 367 2166 tore
389 2133 631 2179 excuteret,
668 2133 708 2169 et
726 2140 812 2169 non
839 2122 937 2168 dieo
962 2123 994 2167 si
1021 2139 1090 2168 eos
1119 2122 1244 2168 donis
1271 2122 1516 2182 largissimis
1537 2122 1655 2169 dita-

280 2209 437 2249 remus,
461 2193 535 2238 sed
560 2193 593 2238 si
613 2211 683 2239 eos
706 2193 849 2257 poenis
872 2192 1179 2239 crudelissimis
1201 2196 1534 2256 torqueremus?

348 2264 502 2309 XLIV.
536 2264 649 2311 Cum
667 2265 780 2309 enim
805 2280 1032 2326 personam
1053 2263 1289 2325 petitorum
1313 2262 1469 2308 forensi
1504 2263 1657 2311 tritura

281 2333 604 2396 conquirerent,
629 2344 670 2379 et
697 2333 885 2381 volentes
904 2332 1125 2378 ostendere
1153 2350 1230 2378 nos
1258 2350 1342 2378 esse
1370 2333 1586 2396 petitores,
1610 2345 1658 2378 ut

284 2419 483 2465 personas
514 2415 680 2450 nostras
708 2404 1058 2467 permitterentur
1077 2408 1173 2464 jure
1197 2404 1425 2459 discutere,
1453 2414 1492 2448 et
1519 2421 1658 2456 moras

284 2473 583 2526 annosissimas
620 2474 842 2531 invenire,
881 2473 1075 2537 legerunt
1114 2474 1308 2521 libellum
1346 2483 1538 2521 nostrum
1575 2473 1656 2520 ali-
