1763 2838
285 144 378 207 478
706 158 742 188 s.
785 156 1029 187 AUGUSTINI
1065 156 1270 188 EPISCOPI

284 223 404 286 quod
426 221 608 270 facimus
627 219 645 249 4
663 241 674 275 3
695 231 736 266 et
758 231 906 284 postea
927 238 1005 283 per
1023 221 1293 284 Scripturam
1314 225 1422 281 eJ'us,
1443 221 1528 268 sive
1542 232 1658 267 certa

284 305 325 340 ct
344 295 575 357 perspicua
594 293 759 338 ratione
797 293 1051 337 commoniti
1071 330 1081 349 ,
1109 310 1210 338 611111
1231 293 1512 339 didicerimus
1537 292 1658 355 quod

285 365 322 410 ei
350 382 437 410 11011
461 365 648 427 placeat,
686 363 944 425 poenitendo
966 380 1197 426 precamur
1218 375 1265 408 ut
1286 364 1494 422 ignoscat.
1523 363 1658 408 Plena

284 436 478 482 humana
497 436 585 481 vita
606 445 668 479 est
695 435 966 480 documentis
996 435 1170 481 talibus,
1201 434 1326 479 Unde
1349 445 1492 480 autem
1518 434 1660 482 minus

288 506 488 552 novimus
509 504 618 567 quid
643 505 678 550 61
699 504 884 566 placeat,
905 504 986 549 nisi
1006 505 1107 567 quia
1129 515 1171 549 et
1190 504 1281 566 ipse
1305 504 1445 549 minus
1456 514 1584 549 notus
1600 514 1661 549 est

282 576 436 622 nobis?
461 597 482 617 «
507 575 713 620 Videmus
732 575 845 620 enim
869 591 987 620 nunc
1007 592 1083 637 per
1103 573 1329 637 speculum
1353 574 1399 619 111
1413 574 1656 634 aenigmate,

280 657 388 692 tunc
407 656 551 692 autem
567 644 676 690 facie
694 645 911 690 adfaciem
925 646 958 692 2.
983 646 1092 701 Quis
1106 662 1207 692 vero
1227 645 1464 690 existimare
1479 643 1655 699 audeat,

284 734 385 762 cum
406 733 455 763 eo
477 726 655 763 ventum
678 716 833 772 fuerit,
870 716 987 778 quod
1011 717 1070 761 ait
1096 733 1107 761 ε
1138 737 1158 758 (ι
1185 716 1243 760 Ut
1270 711 1527 774 cognoscam
1551 716 1661 761 sicut

282 808 303 829 2>
319 798 362 832 et
384 788 583 846 cognitus
603 787 775 843 sum3‚»
792 797 954 832 tantam
971 788 1049 832 Dei
1072 785 1348 832 dilectionem
1359 786 1449 832 fore
1469 796 1661 831 contem-

275 857 522 921 platoribus
539 861 648 916 ejus,
671 868 833 919 quanta
848 857 1052 902 fidelibus
1071 874 1189 903 nunc
1207 868 1294 902 est:
1315 867 1390 902 aut
1414 856 1504 902 ullo
1525 855 1659 902 modo

279 929 397 974 hanc
439 928 503 974 illi
532 939 738 990 tanquam
758 927 810 973 de
830 929 1026 991 proximo
1048 927 1420 991 comparandam?
1459 929 1596 973 Porro
1623 927 1661 974 si

281 1009 445 1061 quanto
487 1002 626 1058 major
656 1000 809 1043 notitia
829 1034 840 1053 ‚
881 1008 1001 1043 tanto
1034 998 1115 1043 erit
1139 1001 1280 1057 major
1313 997 1488 1042 dilectio
1515 1014 1525 1042 ι
1549 1013 1660 1059 pro-

279 1069 392 1116 fecto
416 1085 535 1115 nunc
553 1079 766 1131 quantum
788 1068 903 1114 deest
923 1068 1162 1123 dilectioni,
1192 1078 1360 1114 tantum
1377 1066 1657 1130 perficiendae

272 1139 452 1198 justitiae
497 1138 639 1184 deesse
662 1139 928 1184 credendum
954 1150 1029 1186 est.
1075 1139 1187 1184 Sciri
1227 1139 1341 1184 enim
1388 1137 1554 1200 aliquid
1592 1136 1661 1185 vel

279 1209 414 1264 credi,
446 1219 486 1254 et
506 1219 650 1254 tamen
667 1225 755 1253 non
775 1208 898 1268 diligi
929 1220 1099 1271 potest:
1128 1209 1251 1268 diligi
1274 1218 1415 1254 autem
1439 1206 1558 1270 quod
1575 1223 1655 1252 neu

279 1295 362 1341 quc
380 1279 516 1324 scitur
534 1295 671 1341 neque
691 1279 900 1335 creditur,
924 1296 1012 1324 11011
1036 1289 1190 1342 potest.
1220 1281 1275 1324 At
1300 1279 1334 1323 si
1357 1278 1573 1323 credendo
1603 1276 1658 1322 ad

277 1358 441 1394 tantam
475 1348 749 1394 dilectionem
770 1350 907 1395 sancti
925 1351 1150 1412 pervenire
1166 1360 1421 1412 potuerunt,
1441 1365 1529 1411 qua
1544 1358 1658 1394 certe

278 1423 483 1478 majorem
500 1420 546 1464 in
561 1420 647 1465 hac
661 1420 748 1466 vita
772 1437 856 1465 esse
879 1437 967 1465 non
983 1437 1106 1482 posse
1136 1419 1350 1465 Dominus
1370 1419 1461 1482 ipse
1481 1428 1658 1465 testatus

276 1499 354 1545 est,
379 1500 427 1535 ut
451 1489 641 1536 animam
667 1507 787 1535 suam
826 1508 907 1553 pro
941 1490 1027 1535 fide
1068 1489 1135 1537 vel
1157 1507 1239 1552 pro
1273 1488 1483 1534 fratribus
1515 1504 1653 1550 pone·

275 1570 370 1603 rent
388 1558 406 1587 4
428 1576 439 1603 2
461 1575 562 1604 cum
578 1560 633 1604 ab
650 1559 734 1604 hae
750 1560 1110 1622 peregrinatione,
1134 1553 1179 1605 in
1197 1575 1282 1622 qua
1296 1557 1520 1622 perfidem
1536 1574 1655 1603 nunc

276 1628 525 1674 ambulatur
549 1629 586 1685 5,
632 1640 891 1692 perventum
930 1630 1011 1675 erit
1041 1630 1094 1675 ad
1121 1630 1335 1692 speciem,
1374 1645 1507 1691 quam
1541 1644 1656 1673 non-

275 1698 382 1743 dum
405 1699 541 1745 visam
565 1716 788 1761 speramus
809 1737 819 1756 ‚
866 1711 908 1746 et
939 1717 1018 1763 per
1040 1699 1296 1763 patientiam
1312 1709 1586 1762 expectamus
1614 1698 1650 1753 ⁶,

276 1769 433 1831 procul
456 1769 594 1814 dubio
617 1780 658 1815 et
684 1770 777 1832 ipsa
802 1770 977 1816 dilectio
1001 1789 1089 1817 non
1107 1771 1248 1818 solum
1273 1787 1404 1834 supra
1424 1786 1557 1833 quam
1579 1768 1654 1814 hic

275 1838 507 1894 habemus,
540 1839 612 1884 sed
650 1839 775 1899 longe
800 1857 929 1902 supra
948 1857 1079 1903 quam
1104 1841 1292 1903 petimus
1309 1851 1351 1886 et
1375 1839 1653 1899 intelligimus

276 1908 386 1953 erit7
411 1926 421 1954 t
446 1925 524 1954 nec
558 1909 656 1954 ideo
684 1921 827 1956 tamen
852 1911 953 1973 plus
987 1928 1073 1957 esse
1109 1911 1285 1973 poterit,
1308 1927 1440 1974 quam
1477 1927 1523 1955 ex
1563 1919 1651 1954 toto

276 1978 423 2033 corde,
445 1996 493 2024 ex
517 1989 601 2024 tota
621 1980 761 2025 anima
781 2017 792 2035 ‚
820 1998 866 2026 ex
888 1991 976 2026 tota
1000 1991 1154 2027 mente.
1188 1982 1336 2042 Neque
1371 1980 1485 2025 enim
1523 1989 1652 2024 restat

273 2047 319 2093 in
339 2048 464 2093 nobis
478 2049 644 2112 aliquid
667 2050 786 2112 quod
809 2050 911 2096 addi
944 2050 1079 2114 possit
1111 2050 1166 2096 ad
1191 2061 1356 2105 totumg
1377 2049 1479 2112 quia
1499 2049 1533 2094 si
1558 2065 1651 2094 res-

270 2119 381 2163 tabit
398 2118 580 2182 aliquid‚
607 2120 718 2166 illud
741 2138 829 2168 non
852 2122 933 2167 erit
955 2132 1108 2167 totum.
1141 2120 1329 2166 Proinde
1352 2120 1438 2165 hoc
1455 2119 1649 2182 primum

271 2200 543 2252 praeceptum
563 2192 761 2250 justitiae,
788 2210 875 2255 quo
894 2193 1103 2253 jubemur
1121 2191 1296 2251 diligere
1327 2192 1465 2237 Deum
1491 2207 1538 2236 ex
1556 2200 1647 2235 toto

271 2260 419 2314 corde,
450 2270 492 2306 et
523 2277 571 2306 ex
600 2272 690 2308 tota
721 2263 890 2319 anima,
921 2273 962 2309 et
997 2258 1046 2308 exv
1080 2272 1166 2309 tota
1200 2272 1342 2308 mente
1363 2262 1400 2317 3,
1423 2261 1495 2306 cui
1512 2271 1575 2306 est
1594 2260 1647 2306 de

269 2329 465 2391 proximo
478 2330 698 2390 diligendo
719 2333 899 2380 alterum
917 2350 1182 2397 consequens
1195 2369 1206 2389 ,
1227 2332 1273 2378 in
1295 2331 1368 2378 illa
1386 2331 1473 2379 vita
1492 2330 1645 2394 imple-

319 2429 331 2451 ¹
358 2429 472 2463 Jacob.
505 2441 555 2472 111,
584 2442 616 2464 2.
641 2450 682 2455 ——
701 2432 716 2454 2
744 2445 757 2464 1
779 2436 852 2466 Cor.
872 2445 942 2471 xm,
965 2445 1015 2465 12.
1041 2451 1084 2457 -
1111 2430 1280 2465 ³1bid.—-
1303 2429 1316 2454 4
1335 2434 1427 2464 Joan.
1445 2441 1497 2469 xv,
1523 2431 1641 2462 13.‘—

269 2480 284 2507 ⁵
305 2494 323 2516 2
343 2486 417 2517 Cor.
430 2496 464 2528 V,
488 2495 569 2523 7.-
585 2482 599 2507 ⁶
614 2489 708 2519 Rom.
723 2500 795 2529 viu,
811 2491 865 2522 23.
885 2507 928 2514 —
942 2486 957 2512 ⁷
969 2487 1089 2532 Ephes.
1104 2500 1154 2528 11¹,
1174 2498 1224 2521 20·
1237 2503 1282 2511 -
1296 2484 1311 2512 8
1323 2485 1441 2523 Μᾶῑὼ·
1461 2495 1543 2525 UH,
1561 2485 1617 2524 37·
