1763 2838
285 170 372 231 196
683 180 717 210 s.
761 176 1005 209 AUGUSTINI
1039 177 1240 210 EPISCOPI

278 250 355 311 qui
382 247 576 307 fugeras?
608 244 703 290 Hoc
726 260 835 307 opus
861 243 968 289 furis
988 254 1048 289 est
1069 255 1110 290 et
1131 244 1331 296 latronis,
1361 262 1448 291 non
1468 245 1649 309 pastoris

276 331 406 383 atque
429 316 632 365 custodis.
668 316 973 361 Verumtamen
1009 315 1135 361 etiam
1169 316 1294 362 nobis
1318 334 1405 362 non
1428 327 1468 362 te
1488 333 1650 377 cogen-

275 391 393 436 tibus
407 427 417 445 ,
438 389 536 436 vide
551 425 562 444 ‚
590 386 691 451 quia
710 403 854 432 omnes
882 385 1064 445 collegas
1086 397 1180 432 tuos
1207 387 1283 450 qui
1305 387 1533 447 fugerunt,
1562 404 1649 433 non

274 472 489 526 pastores,
511 458 585 504 sed
610 457 891 503 mercenarios
923 456 1106 516 intelligi
1126 457 1314 504 voluisti.
1348 457 1431 504 Sed
1458 458 1492 503 si
1509 468 1648 503 essent

275 531 396 595 apud
420 541 461 576 te
484 528 716 575 dominicae
743 545 840 575 oves
858 564 869 584 ,
894 538 965 572 aut
983 537 1126 573 tecum
1143 528 1338 574 venirent
1356 565 1368 586 ,
1395 538 1444 574 ut
1461 528 1587 574 etiam
1610 538 1650 574 te

274 613 519 649 correctum
551 610 726 664 possent
749 599 910 644 habere
940 608 1156 661 pastorem
1177 636 1188 655 ,
1216 610 1291 644 aut
1317 610 1357 645 te
1385 599 1559 644 dimisso
1582 598 1651 645 fu-

274 685 420 734 gerent
455 672 510 718 ad
533 683 766 736 pastorem.
797 671 1085 716 Mercenarius
1113 681 1254 716 autem
1279 687 1408 734 quem
1435 670 1650 730 significat

275 744 512 799 Dominus,
554 743 644 789 viso
682 742 812 804 lupo,
852 758 941 786 non
980 758 1184 804 corpore,
1221 741 1294 787 sed
1330 741 1473 787 animo
1506 740 1617 800 fugit
1634 778 1645 799 ‚

275 814 451 878 quando
485 814 640 858 deserit
678 813 828 857 timore
859 812 1087 871 justitiam.
1133 812 1255 857 Sicut
1287 811 1399 872 fugit
1425 811 1650 857 Secundus

270 895 409 930 vester
442 883 705 943 Tigisitanus
744 882 921 945 quando
954 883 1225 946 Purpurium
1262 883 1552 928 Limatensem
1596 881 1650 927 de

270 954 511 1000 homicidio
529 953 769 999 consessum
786 989 796 1008 ‚
820 952 1040 1015 magisque
1053 953 1286 999 terribilem
1302 990 1313 1010 ,
1340 971 1392 998 ne
1410 953 1650 1016 primatum

272 1025 473 1089 perderet
489 1024 557 1071 vel
584 1024 912 1087 episcopatum.
939 1024 1096 1070 timuit.
1131 1025 1327 1086 Corpore
1353 1035 1496 1069 autem
1523 1023 1651 1068 etiam

274 1097 382 1142 boni
407 1096 468 1141 illi
499 1105 691 1159 pastores
717 1093 914 1157 Apostoli
936 1095 981 1139 in
1001 1094 1296 1157 persecutione
1315 1093 1519 1154 fugerunt
1535 1130 1547 1150 ,
1574 1110 1653 1139 nec

273 1168 371 1213 ideo
400 1177 543 1212 tamen
573 1183 670 1212 oves
705 1166 870 1211 Christi
897 1182 1001 1210 cura
1032 1176 1073 1211 et
1105 1165 1250 1211 animo
1287 1165 1571 1229 reliquerunt.
1609 1164 1654 1210 Si

275 1255 374 1299 ergo
406 1248 448 1283 et
471 1247 519 1282 tu
549 1247 697 1300 pastor
720 1253 852 1290 esses,
889 1236 1010 1298 prius
1049 1236 1093 1280 in
1131 1236 1225 1298 lupi
1256 1248 1380 1298 parte
1413 1253 1501 1281 non
1524 1252 1652 1292 esses;

275 1308 430 1355 deinde
462 1307 695 1370 imperium
722 1306 900 1350 Domini
934 1306 1021 1361 tui,
1047 1306 1122 1369 qui
1153 1323 1293 1351 servos
1319 1323 1415 1352 suos
1442 1305 1586 1366 fugere
1609 1306 1654 1351 in

271 1378 649 1443 persecutionibus
668 1377 822 1437 jussit,
849 1394 927 1438 per
946 1393 991 1420 os
1012 1376 1245 1435 cujuslibet
1263 1376 1392 1421 etiam
1414 1375 1656 1439 peccatoris

273 1450 526 1497 obedienter
558 1448 767 1503 audisses,
810 1464 889 1492 nec
923 1457 1073 1492 contra
1110 1446 1344 1491 Dominum
1368 1458 1493 1492 tuum
1523 1463 1655 1507 argu-

277 1519 528 1567 mentareris
541 1529 581 1564 et
596 1519 758 1564 diceres
785 1533 796 1555 ε
822 1538 842 1558 α
864 1519 1019 1562 Factor
1042 1517 1145 1576 legis
1165 1527 1332 1562 tantum
1349 1516 1477 1563 debet
1494 1517 1654 1574 audiri,

276 1592 379 1655 quia
415 1590 577 1636 Paulus
613 1588 835 1652 apostolus
864 1587 973 1632 dicit
993 1605 1004 1633 ι
1026 1609 1045 1629 «
1068 1588 1165 1632 'Dion
1191 1587 1407 1633 auditores
1429 1587 1532 1647 legis
1551 1588 1658 1648 J'usti

279 1684 300 1705 >›
325 1673 426 1707 sunt
452 1660 571 1723 apud
598 1662 763 1714 Deum,
788 1658 859 1703 sed
883 1658 1066 1703 factores
1088 1658 1191 1718 legis
1209 1658 1612 1717 justificabuntur1.
1636 1680 1657 1700 »

345 1732 509 1779 XVIII.
548 1729 667 1786 Quid
690 1729 733 1774 in
754 1728 880 1774 aliam
902 1728 1156 1773 sententiam
1172 1729 1303 1774 verba
1318 1728 1540 1775 manifesta
1557 1746 1659 1775 con-

281 1804 476 1852 vertitis?
508 1801 738 1846 Auditores
764 1799 867 1858 legis
887 1810 927 1844 et
952 1816 1039 1844 non
1061 1799 1243 1844 factores
1267 1800 1386 1863 apud
1414 1800 1552 1846 Deum
1569 1804 1658 1860 jus-

281 1886 348 1921 tos
366 1872 539 1933 negavit
554 1891 565 1924 3
583 1871 638 1916 ab
653 1870 905 1915 hominibus
921 1906 931 1925 ,
950 1869 1128 1931 quando
1146 1887 1296 1915 verum
1316 1870 1471 1915 dicunt
1488 1907 1499 1927 ‚
1518 1870 1659 1916 audiri

281 1964 370 1992 non
390 1941 624 2008 prohibuit
641 1960 651 1993 3
673 1957 725 1985 ne
740 1978 749 1996 ‚
767 1940 877 1985 sicut
892 1950 937 1985 tu
957 1976 968 1996 ‚
990 1939 1238 2002 loqueretur
1253 1951 1402 1986 contra
1422 1941 1659 1986 Dominum

284 2033 411 2064 suum
431 2014 645 2059 dicentem
660 2011 713 2056 de
727 2010 993 2074 quibusdam
1022 2028 1032 2055 ε
1054 2032 1074 2051 α
1093 2012 1204 2068 Quae
1222 2011 1374 2057 dicunt
1388 2011 1539 2068 facite,
1561 2028 1661 2075 quae

287 2108 308 2129 2>
333 2096 474 2132 autem
498 2082 690 2137 faciunt,
726 2081 858 2126 nolite
891 2080 1058 2134 facere;
1093 2081 1248 2126 dicunt
1270 2082 1386 2127 enim
1411 2092 1452 2128 et
1479 2099 1566 2128 non
1594 2082 1660 2127 fa-

285 2178 307 2199 »
331 2156 498 2203 ciunt2.
519 2176 539 2196 »
562 2153 690 2199 Vides
707 2151 1076 2215 quemadmodum
1098 2152 1300 2198 Christus
1314 2164 1447 2217 etper
1465 2153 1662 2199 homines

282 2227 497 2274 auditores
513 2235 553 2269 ct
573 2223 878 2287 praedicatores
901 2223 1002 2281 legis
1027 2233 1067 2267 et
1090 2240 1175 2268 non
1194 2222 1376 2269 factores
1393 2261 1403 2280 ‚
1433 2224 1536 2269 alios
1561 2240 1656 2269 eam

285 2309 428 2343 tamen
444 2296 593 2341 audire
609 2293 843 2357 praecepit,
873 2303 913 2338 et
933 2297 1022 2352 ejus
1036 2309 1120 2338 esse
1139 2293 1321 2339 factores
1344 2312 1355 2339 ι
1378 2304 1419 2339 et
1444 2304 1490 2340 tu
1514 2293 1625 2339 dicis
1646 2310 1657 2338 ε

284 2390 302 2410 α
330 2370 482 2414 Factor
501 2366 603 2425 legis
620 2375 785 2410 tantum
801 2364 929 2409 debet
950 2363 1088 2408 audiri
1110 2381 1120 2408 t
1139 2386 1158 2405 ›)
1178 2375 1219 2409 et
1238 2365 1384 2410 volens
1403 2364 1659 2424 redarguere

286 2438 409 2502 quasi
436 2445 756 2500 persecutorem
786 2445 907 2480 tuum
924 2471 934 2490 ‚
961 2433 1150 2497 loqueris
1183 2434 1386 2482 adversus
1413 2435 1661 2482 Creatorem

331 2523 339 2544 ¹
362 2525 455 2553 Rom.
477 2521 632 2558 1‚13.—
650 2518 664 2540 ²
683 2518 919 2559 Maetl=.x.x111‚
945 2520 975 2550 55,
