1763 2838
245 228 388 259 SERMO
426 227 482 258 AD
517 226 823 258 CAESAREENSIS
859 227 1074 257 ECCLESIAE
1113 226 1300 257 PLEBEM.
1404 210 1490 256 165

115 299 428 360 Imperatorem
453 293 715 341 Caecilianus
730 330 741 347 ,
763 304 803 338 et
826 294 978 338 missus
994 294 1039 338 in
1063 292 1252 338 exilium.
1283 292 1414 337 Gesta
1433 291 1502 336 le-

115 367 277 427 gimus,
312 365 634 429 prosecutiones
658 365 793 427 ipsius
824 375 950 413 sunt,
981 381 1133 409 manus
1166 362 1302 426 ipsius
1337 373 1508 407 tenetur

116 437 430 483 subscribentis
453 436 597 480 verbis
617 435 702 480 suis
722 473 731 490 ‚
760 435 993 489 intendite,
1023 435 1203 479 obsecro
1223 450 1313 479 vos.
1340 433 1365 477 d
1376 433 1511 492 ijudi-

117 518 210 552 cate
227 507 357 552 modo
379 523 553 551 causam
574 516 778 552 nostram.
809 505 935 550 Certe
958 505 1175 568 persecuti
1198 514 1302 549 sunt
1326 507 1510 562 majores

117 578 182 622 sui
201 577 512 630 (Iaecilianum‚'
530 587 644 621 certe
661 576 715 621 ad
735 577 1044 638 Imperatorem
1061 575 1375 638 perduxerunt,
1394 585 1509 619 certe

117 658 166 694 ut
190 649 472 694 damnaretur
494 647 705 694 fecerunt.
741 647 853 692 Nolo
877 647 1046 703 dicere5
1075 648 1176 709 quia
1201 664 1286 691 non
1302 657 1362 691 est
1382 646 1513 691 dam-

116 730 244 765 natus
271 737 281 763 :
310 719 410 764 nolo
433 718 576 763 dicere
592 756 602 773 ‚
630 718 733 782 quia
758 718 971 762 innocens
995 728 1054 762 est
1073 717 1398 780 pronuntiatus.
1426 716 1512 761 Sed

116 789 203 835 hoc
218 791 271 834 sit
287 789 406 853 quod
421 788 586 834 dicant.
606 788 801 844 Quando
814 805 909 832 eum
923 788 1315 851 persequebantur.
1334 786 1512 849 quando

117 860 316 906 damnari
352 859 575 911 fecerunt„
609 870 715 904 tunc
740 859 846 922 quid
873 870 961 903 erat
996 858 1286 903 Caecilianus?
1322 856 1513 913 Quando

116 931 459 995 persecutionem
477 930 725 993 patiebatur
739 948 759 973 a
779 930 1022 988 majoribus
1041 929 1217 974 istorum
1235 966 1245 975 .
1261 927 1366 991 quid
1387 930 1508 971 erat.3

119 1001 301 1046 Dicatur
342 1001 451 1046 mihi
492 1000 599 1063 quid
639 1003 755 1045 erat?
788 1000 1062 1045 Christianus
1094 1002 1211 1044 erat‘?
1251 998 1509 1043 Catliolicus

117 1076 236 1118 erat‘?
261 1083 335 1118 aut
358 1072 466 1135 quid
493 1075 612 1118 erat)
642 1073 738 1117 Non
764 1072 918 1116 dicunt
947 1090 957 1116 :
986 1073 1083 1116 Non
1105 1081 1196 1115 erat
1221 1070 1503 1123 (Iatiiolicus,

118 1143 193 1189 sed
212 1144 483 1189 criminosus.
511 1145 698 1188 Possunt
713 1160 813 1202 ergo
833 1144 924 1206 pati
944 1143 1288 1206 persecutionem
1311 1159 1332 1185 a
1352 1142 1511 1185 sanctis

118 1215 316 1259 homines
330 1214 581 1259 criminosi?
609 1215 792 1258 Prorsus
816 1214 901 1258 hoc
927 1213 1193 1275 accipiamus
1216 1230 1226 1256 ε
1253 1212 1510 1257 criminosus

118 1295 207 1330 erat
235 1284 497 1330 Caecilianus
518 1322 529 1333 ,
551 1286 627 1347 qui
648 1285 991 1347 persecutionem
1012 1284 1276 1347 patiebatur.
1303 1283 1374 1326 Sic
1393 1283 1509 1326 enim

118 1373 205 1402 non
227 1356 328 1401 dico
351 1374 362 1400 :
390 1356 715 1401 mentiebantur
735 1377 745 1407 ς
777 1356 848 1400 sed
873 1355 1160 1404 fallebantur,
1191 1365 1238 1398 ut
1262 1364 1303 1398 et
1327 1371 1403 1397 nos
1427 1352 1510 1397 illis

117 1426 439 1472 consentiamus
474 1464 485 1475 .
532 1427 791 1471 criminosus
828 1437 934 1472 erat.
987 1426 1074 1481 Qui
1118 1424 1369 1469 iaciebant.
1405 1422 1510 1486 quid

116 1500 266 1543 erant?
296 1496 427 1553 Quod
450 1498 512 1541 vis
536 1497 643 1556 elige
674 1515 684 1542 :
718 1498 762 1541 Si
796 1498 935 1560 iniqui
964 1508 1118 1541 erant:
1147 1495 1292 1540 desere
1314 1495 1511 1557 iniquos.

117 1568 215 1614 veni
235 1567 289 1613 ad
311 1584 401 1613 nos.
438 1567 483 1612 Si
509 1578 651 1613 autem
679 1569 816 1612 sancti
842 1579 963 1612 erant
987 1585 996 1611 ε
1025 1577 1166 1629 potest
1194 1583 1293 1625 ergo
1321 1565 1436 1620 fieri,
1460 1574 1507 1609 ut

118 1638 252 1683 sancti
280 1649 597 1700 persequantur
617 1638 827 1697 injustum
843 1642 860 1683 ζ)
888 1637 986 1682 Noli
1010 1637 1136 1681 nobis
1164 1636 1289 1681 irasci
1307 1673 1317 1686 ,
1346 1636 1377 1680 si
1402 1652 1506 1697 per—

119 1709 340 1772 sequimur
357 1726 367 1753 :
384 1708 474 1753 noli
493 1708 635 1754 dicere
660 1727 669 1752 :
695 1709 848 1768 lnjusti
867 1705 1391 1770 estisquipersequimini.
1411 1706 1508 1749 Jam

120 1780 235 1825 enim
260 1779 526 1827 ostendistis.
554 1781 655 1843 quia
681 1781 772 1825 fieri
799 1791 960 1843 potest.
991 1790 1034 1824 ut
1062 1779 1222 1838 etjusti
1246 1794 1507 1840 persequan-

121 1861 194 1896 tur
209 1851 433 1911 injustum.
458 1851 565 1896 Fieri
583 1862 751 1914 potest.
771 1862 844 1896 aut
863 1868 949 1895 non
970 1854 1136 1912 potest?
1163 1850 1306 1893 lssnum
1323 1848 1375 1893 de
1391 1847 1507 1892 duo-

121 1921 205 1966 bus
223 1920 395 1967 dicatur
411 1921 536 1968 mihi.
566 1922 611 1966 Si
635 1922 728 1965 fieri
745 1938 830 1965 non
856 1932 999 1983 potest
1023 1938 1032 1964 :
1062 1937 1194 1982 quare
1214 1919 1340 1963 vestri
1369 1935 1508 1981 perse-

123 1992 325 2037 cutisunt
338 1991 622 2037 Caecilianum
638 1996 655 2037 P
677 1992 720 2036 Si
738 2003 879 2036 autem
897 1992 986 2036 fieri
1002 2002 1142 2053 potest
1159 2009 1167 2035 :
1185 1989 1293 2053 quid
1312 1989 1510 2033 miraris?

125 2061 244 2119 Quid
277 2062 427 2107 laudas
449 2079 653 2125 poenam,
687 2074 728 2107 et
754 2080 840 2106 non
877 2062 1065 2106 ostendis
1090 2078 1262 2106 causam
1279 2064 1297 2103 ἶ)
1320 2081 1338 2099 «
1359 2060 1505 2114 Beati,

125 2153 145 2174 ›>
171 2133 230 2177 ait
256 2133 495 2185 Dominus,
524 2133 599 2194 qui
634 2132 979 2194 persecutionem
1011 2128 1285 2193 patiu11tur1.
1311 2152 1325 2168 »
1357 2128 1507 2177 Adde.

123 2213 305 2267 propter
323 2203 538 2261 justitiam
553 2240 562 2256 ‚
584 2213 624 2246 et
644 2203 848 2265 separasti
874 2202 1058 2246 latrones
1074 2240 1083 2252 ,
1113 2201 1319 2264 separasti
1340 2200 1509 2244 malefi-

127 2291 223 2330 cos,
244 2274 449 2337 separasti
465 2273 680 2318 adulteros
695 2311 704 2320 .
729 2274 932 2336 separasti
950 2274 1106 2335 impios
1124 2310 1133 2327 ,
1156 2274 1362 2335 separasti
1379 2272 1515 2316 sacri—

127 2344 260 2403 legos,
279 2345 485 2407 separasti
504 2344 882 2390 liaereticos.'l'aics
899 2344 1240 2406 persecutionem
1262 2343 1509 2405 patiuntur,

129 2415 201 2461 sed
228 2432 315 2460 non
332 2426 516 2479 propter
530 2416 759 2475 justitiam.

195 2487 319 2534 VIII.
364 2488 419 2532 Et
443 2487 573 2533 talem
608 2488 781 2552 qualem
818 2488 1163 2551 persecutionem
1197 2486 1364 2549 patitur
1386 2484 1517 2530 frater

182 2572 192 2594 ¹
213 2569 331 2605 Mauh.
352 2582 381 2610 v,
404 2582 453 2604 10.
