1763 2838
75 210 131 242 DE
168 211 459 243 PECCATORUM
494 211 674 243 MERITIS
709 212 762 243 ΕΤ
795 212 1085 256 REMISSIONE,
1122 215 1212 246 LIB.
1254 216 1285 247 Ι.
1360 203 1454 265 319

75 278 319 341 complexu,
341 295 428 323 non
444 278 799 341 concupiscentia
815 279 973 335 carni5‚
989 279 1061 326 sed
1080 280 1325 328 obedientia
1337 300 1458 329 men-

75 349 127 394 tis
154 351 275 409 virgo
312 349 528 411 concepit.
571 348 673 393 Sola
699 359 844 394 nostro
869 349 1037 395 vulneri
1072 350 1337 397 medicinam
1370 371 1456 415 pa-

74 435 166 463 rere
185 419 348 482 potuit,
367 436 467 482 quae
486 436 574 464 non
588 436 635 464 ex
653 419 823 481 peccati
838 418 1015 465 vulnere
1029 437 1201 479 germen
1214 422 1300 485 piae
1320 422 1457 485 prolis

75 500 232 537 emlsit.

138 560 300 607 LVIII.
328 561 426 606 Jam
447 577 563 606 nunc
582 571 826 606 scrutemur
843 559 1092 620 diligentius
1108 598 1118 616 ,
1138 573 1354 624 quantum
1375 563 1455 609 ad-

69 634 194 689 jUVat
227 632 443 676 Dominus
468 668 478 687 ,
517 631 648 676 etiam
680 632 824 695 ipsum
868 630 1090 690 Evangelii
1115 633 1357 694 capitulum
1380 635 1457 680 ubi

75 702 135 746 ait
158 717 169 745 ε
200 722 220 742 c<
246 702 334 746 ixisi
353 702 449 765 quis
478 713 649 747 renatus
671 701 801 747 fuerit
819 719 865 746 ex
882 718 993 764 aqua
1012 712 1054 746 et
1077 702 1263 764 Spiritu,
1280 721 1365 749 non
1383 705 1455 749 inv

77 771 246 816 »trabit
268 771 313 816 in
337 789 517 832 regnum
545 771 669 818 Deil,
698 793 718 812 »
741 772 839 827 Qua
858 772 927 816 isti
954 773 1162 816 sententia
1190 773 1269 818 nisi
1304 791 1457 820 move-

74 852 242 897 rentur,
270 843 448 887 omnino
468 842 673 904 parvulos
698 860 777 887 nec
800 841 1090 904 baptizandos
1111 860 1196 887 esse
1217 857 1450 892 censerent.

75 911 190 956 «Sed
211 912 313 974 quia
334 929 421 956 non
443 913 526 967 ait,
558 913 764 974 inquiunt
781 950 790 964 ,
817 912 907 957 Nisi
927 911 1034 975 quid
1062 923 1234 958 renatus
1256 913 1387 960 fuerit
1411 932 1457 960 ex

78 1003 97 1022 ›>
118 999 229 1045 aqua
254 993 296 1027 et
327 983 493 1045 Spiritu
515 1019 524 1036 ,
554 999 641 1027 non
673 983 855 1027 habebit
880 983 1061 1028 salutem
1084 982 1149 1027 vel
1169 984 1303 1029 vitam
1329 996 1458 1030 zeter-

76 1069 216 1097 »nam
235 1073 246 1106 ς
276 1053 582 1098 tantummodo
600 1064 741 1098 autem
759 1053 882 1103 dixit,
908 1071 995 1097 non
1012 1054 1193 1098 intrabit
1214 1055 1257 1099 in
1279 1072 1457 1114 regnum

78 1143 97 1163 »
120 1123 198 1167 Dei
221 1140 231 1167 ι
261 1123 311 1168 ad
334 1124 417 1168 hoe
438 1123 611 1185 parvuli
631 1123 1017 1185 baptizmidisunt,
1042 1133 1090 1167 ut
1108 1123 1191 1168 sint
1211 1124 1338 1168 etiam
1358 1143 1458 1170 eum

76 1192 296 1237 »Christo
323 1193 366 1237 in
402 1209 535 1251 regno
567 1192 662 1245 Dei,
695 1194 771 1237 ubi
796 1209 883 1237 non
909 1203 1037 1237 erunt
1068 1192 1101 1237 si
1137 1194 1347 1255 baptizati
1376 1212 1460 1239 non

78 1283 97 1304 ›>
117 1263 309 1308 fuerint:
343 1264 541 1326 quamvis
561 1273 602 1308 et
633 1264 722 1308 sine
746 1264 966 1326 baptismo
997 1264 1030 1308 si
1056 1264 1228 1325 parvuli
1266 1266 1461 1310 morian-

76 1354 95 1373 »
111 1344 199 1388 tur,
230 1333 411 1378 salutem
436 1334 659 1395 vitamque
684 1344 891 1378 aeternam
916 1333 1115 1378 habituri
1135 1334 1235 1380 sint.
1254 1335 1462 1397 quoniam

77 1404 238 1449 »nullo
276 1404 446 1467 peceati
484 1404 660 1449 vinculo
677 1405 876 1449 obstricti
895 1415 1008 1450 sunt.
1041 1427 1058 1445 υ
1094 1404 1202 1448 llaec
1230 1404 1420 1450 (licentes
1443 1443 1454 1461 ‚

76 1475 221 1536 primo
248 1492 472 1537 nunquam
516 1475 734 1537 explicant
753 1476 839 1527 isti,
861 1476 1133 1538 quajustitia
1159 1475 1328 1520 nullum
1363 1494 1463 1537 pee-

77 1555 222 1589 catum
248 1545 417 1589 habens
449 1545 591 1604 imago
622 1546 699 1589 Dei
724 1556 947 1607 separetur
966 1563 988 1589 a
1010 1562 1141 1603 regno
1172 1545 1265 1590 Dei.
1296 1545 1462 1590 Deinde

77 1614 300 1660 videamus
320 1625 467 1659 utrum
495 1615 709 1659 Dominus
731 1619 873 1667 Jesus,
914 1632 1024 1659 unus
1052 1625 1093 1660 et
1119 1614 1234 1659 solus
1266 1616 1465 1674 magister

79 1685 235 1739 bonus,
263 1685 306 1730 in
334 1684 525 1746 haeipsa
551 1684 813 1744 Evangeliea
835 1685 1019 1730 lectione
1045 1701 1131 1729 non
1156 1684 1466 1743 significaverit

78 1765 120 1798 et
142 1755 377 1799 ostenderit
398 1771 485 1799 non
511 1755 590 1799 nisi
614 1772 693 1817 per
719 1756 1011 1800 remissionem
1038 1765 1321 1816 peccatorum
1340 1756 1431 1800 fieri
1449 1794 1459 1812 ,

81 1826 193 1871 utad
208 1842 386 1884 regnum
403 1826 477 1869 Dei
498 1826 752 1887 perveniant
773 1825 983 1888 baptizati
1008 1843 1018 1869 z
1050 1825 1248 1886 quamvis
1266 1836 1379 1871 reete
1395 1828 1466 1871 in—

84 1895 573 1956 telligentibussussieere
592 1895 809 1951 debuerit,
823 1895 943 1959 quod
961 1896 1127 1940 dietum
1141 1905 1202 1939 est
1214 1912 1223 1938 ε
1235 1916 1254 1935 α
1269 1896 1357 1940 Nisi
1370 1898 1465 1958 quis

83 1988 102 2007 »
118 1977 244 2011 natus
265 1965 395 2010 fuerit
412 1965 555 2011 denuo
578 2003 586 2019 ‚
617 1983 704 2011 non
735 1977 877 2029 potest
901 1966 1046 2010 videre
1064 1981 1242 2023 regnum
1265 1965 1343 2010 Dei
1364 1984 1373 2009 :
1399 1978 1458 2021 et,

82 2059 102 2078 »
126 2037 212 2081 *Nisi
231 2037 329 2099 quis
347 2046 518 2080 renatus
541 2036 671 2080 fuerit
695 2054 742 2080 ex
776 2053 887 2097 aqua
910 2046 951 2080 et
978 2035 1147 2097 Spiritu
1167 2071 1177 2089 ‚
1208 2051 1295 2078 non
1320 2047 1461 2097 potest

83 2108 300 2151 »introire
333 2106 379 2150 in
408 2121 588 2164 regnum
622 2106 712 2151 Dei.
738 2128 758 2147 »
799 2107 890 2150 Cur
916 2105 1030 2149 enim
1065 2114 1267 2148 nascatur
1292 2104 1461 2162 denuo,

83 2180 163 2223 nisi
178 2176 450 2223 renovandus
464 2180 481 2220 ζ)
501 2176 621 2220 [Vnde
637 2175 931 2229 renovandus,
954 2175 1033 2219 nisi
1055 2192 1078 2219 a
1102 2180 1343 2222 vetustate?
1368 2180 1467 2232 Qua

84 2258 313 2301 vetustate.
343 2246 426 2290 nisi
448 2246 493 2290 in
509 2263 593 2308 qua
617 2257 740 2291 vetus
760 2247 895 2291 homo
920 2256 1064 2290 noster
1084 2244 1212 2289 simul
1234 2247 1465 2293 crucifixus

84 2330 144 2363 est
175 2335 273 2363 eum
311 2316 385 2361 illo
403 2352 413 2367 ,
450 2326 498 2360 ut
531 2327 763 2361 evacuetur
788 2332 948 2378 eorpus
980 2314 1148 2377 peceati
1167 2314 1220 2360 ³3³
1247 2317 1334 2361 Aut
1357 2318 1469 2362 unde

85 2389 229 2447 imago
251 2386 330 2431 Dei
354 2402 440 2430 non
466 2385 599 2430 intrat
626 2387 671 2430 in
697 2402 878 2445 regnum
904 2385 983 2429 Dei
1000 2421 1011 2440 ‚
1046 2384 1127 2429 nisi
1153 2385 1468 2448 impedimento

85 2458 346 2522 prohibente
382 2456 585 2517 peceati?
620 2455 932 2501 Verumtamen
957 2465 1006 2500 ut
1028 2457 1361 2518 proposuimus,
1395 2468 1464 2504 to-

135 2540 258 2572 ¹Joan.
282 2549 335 2576 111,
354 2538 386 2571 5.
402 2554 446 2560 —
465 2535 578 2571 ²1bid.
598 2549 627 2570 1.
644 2555 689 2561 -
702 2536 716 2561 3
733 2541 831 2571 Rom.
849 2548 894 2576 vx,
910 2538 943 2568 6.
