1763 2838
116 170 173 201 DE
209 166 502 200 PEccAToRUM
535 164 713 197 MERms
747 165 800 196 ΕΤ
835 165 1120 210 ΒΕΜῙεεῙοΝΕ,
1158 169 1246 200 Lm.
1289 170 1340 203 11.
1397 157 1491 204 3:35

115 246 222 282 »tur
249 235 394 290 vobis;
419 232 540 287 date,
569 242 611 276 et
639 230 818 277 dabitur
851 232 974 279 vobis
992 231 1025 280 ¹.
1051 254 1071 276 »
1093 234 1201 293 Quis
1234 237 1349 283 enim
1384 256 1485 286 cum

114 306 257 370 aliqua
280 323 355 370 spe
376 302 668 367 adipiscendae
688 303 836 350 salutis
868 314 1042 350 aeternae
1066 305 1119 351 de
1142 307 1225 353 hae
1258 309 1345 354 vita
1376 312 1487 356 emi-

110 385 488 437 graret‚·manente
508 373 584 419 illa
607 374 830 431 sententia,
857 373 993 437 quod,
1013 396 1031 416 α
1051 376 1330 442 Quicumque
1350 390 1486 426 totam

111 468 132 489 »
150 447 286 508 legem
306 445 537 494 servaverit
555 482 565 500 ,
593 444 782 491 offendat
808 456 949 490 autem
969 445 1014 490 in
1033 463 1137 502 uno,
1161 447 1301 494 faetus
1315 461 1377 501 est
1395 468 1487 496 om-

110 540 131 560 »
150 519 272 565 nium
292 536 416 572 reus3
445 540 463 559 ›>
490 516 572 562 nisi
595 526 696 579 post
720 515 949 579 paululum
971 528 1242 579 sequeretur,
1280 543 1294 559 «
1319 520 1391 566 Sic
1414 521 1483 567 lo-

110 611 129 630 »
145 590 352 653 quimini‚
380 588 491 634 etsie
514 586 659 642 facite,
688 597 895 649 tanquam
920 604 999 648 per
1017 587 1154 647 legem
1178 589 1388 637 libertatis
1410 592 1483 637 in—

108 681 128 700 »
144 660 352 723 eipientes
370 658 576 718 Judieari.
605 656 829 702 Judicium
863 657 977 701 enim
1001 657 1090 702 sine
1113 660 1406 707 misericordia
1423 663 1485 708 illi

107 752 127 771 ι)
148 731 221 793 qui
242 748 326 775 non
346 730 449 775 fecit
471 727 826 774 misericordiam.
860 728 1160 790 Superexaltat
1186 742 1329 777 autem
1351 733 1482 779 mise·-

107 822 125 840 »
143 800 329 846 ricordia
350 798 567 859 judicioff.
598 819 618 839 »

168 871 242 917 IV.
284 868 649 931 Concupiscentia
685 868 818 927 igitur
853 878 1059 931 tanquam
1087 869 1150 915 lex
1189 874 1357 934 peccati
1388 892 1481 919 ma-

103 958 206 986 nens
240 941 284 986 in
316 940 520 985 membris
556 939 751 1001 corporis
782 938 930 983 mortis
971 939 1132 998 hujus,
1161 958 1261 987 eum
1288 945 1482 1006 parvulis

102 1011 312 1067 nascitur,
345 1011 390 1056 in
420 1008 611 1072 parvulis
629 1008 859 1070 baptizatis
879 1026 900 1053 a
929 1020 1048 1053 reatu
1073 1010 1270 1065 solvitur,
1304 1013 1358 1058 ad
1379 1033 1482 1074 ago-

102 1098 199 1126 nem
222 1081 497 1144 relinquitur?
526 1089 622 1125 ante
648 1096 826 1137 agonem
849 1090 1042 1124 mortuos
1067 1081 1185 1126 nulla
1204 1082 1480 1131 danmatione

100 1152 407 1215 persequitur:
436 1149 641 1214 parvulos
677 1167 764 1195 non
804 1151 1046 1213 baptizatos
1081 1169 1173 1197 reos
1208 1154 1415 1211 innectit,
1437 1168 1478 1200 et

100 1233 306 1286 tanquam
339 1223 416 1269 irae
441 1222 575 1275 filios,
600 1221 728 1266 etiam
756 1221 789 1266 si
812 1222 985 1284 parvuli
1016 1223 1275 1280 moriantur,
1295 1226 1349 1272 ad
1369 1245 1478 1272 con-

99 1292 418 1339 demnationem
450 1292 600 1338 trahit.
642 1293 693 1336 ln
717 1292 956 1351 grandibus
978 1303 1121 1338 autem
1144 1294 1402 1357 l›aptizatis‚
1432 1299 1472 1343 in

98 1364 259 1426 quibus
279 1369 368 1424 jam
394 1363 558 1409 ratione
591 1363 812 1408 utentibus
838 1363 1055 1426 quidquid
1076 1364 1211 1410 eidem
1239 1370 1478 1431 concupis-

97 1435 249 1479 centiae
269 1452 385 1480 mens
407 1434 461 1479 ad
477 1432 751 1496 peccandum
766 1434 978 1478 consentit
995 1471 1005 1490 ,
1028 1436 1221 1497 propriae
1239 1438 1475 1484 voluntatis

96 1515 157 1549 est
176 1542 185 1560 ‚
223 1504 374 1549 deletis
404 1503 594 1567 peccatis
624 1504 827 1548 omnibus
846 1540 856 1559 ,
883 1503 1021 1549 soluto
1052 1506 1180 1550 etiam
1214 1519 1359 1564 reatu,
1385 1527 1473 1572 quo

93 1574 262 1620 Vinctos
284 1574 552 1634 originaliter
573 1573 795 1618 detinebat
813 1611 822 1627 ‚
842 1573 897 1618 ad
918 1591 1096 1633 agonem
1116 1576 1287 1622 interim
1305 1591 1466 1636 manet,

94 1646 276 1690 nonsibi
298 1645 348 1690 ad
365 1645 515 1690 illicita
529 1644 899 1689 consentientibus
924 1644 1034 1689 nihil
1050 1647 1227 1692 omnino
1243 1650 1440 1696 nocitura
1456 1689 1466 1707 ‚

93 1714 233 1761 donec
255 1716 538 1760 absorbeatur
561 1732 676 1759 mors
700 1715 744 1759 in
772 1715 997 1760 victoriam
1012 1714 1028 1741 3
1045 1752 1055 1770 ‚
1090 1727 1131 1761 et
1154 1735 1259 1779 paee
1278 1720 1466 1781 perfecta

92 1785 204 1830 nihil
227 1785 346 1849 quod
366 1786 567 1831 vincatur
584 1785 747 1831 existat.
781 1786 1103 1831 Consentientes
1135 1798 1277 1833 autem
1305 1791 1387 1837 sibi
1415 1793 1467 1838 ad

91 1854 242 1900 illicita
268 1873 361 1901 reos
391 1866 525 1911 tenet,
564 1866 605 1900 et
632 1855 713 1900 nisi
740 1872 818 1918 per
842 1855 1102 1900 medicinam
1129 1859 1402 1919 poenitentia}
1427 1875 1469 1909 et·

91 1941 222 1987 opera
254 1925 562 1971 misericordiae
594 1942 669 1987 per
696 1924 914 1969 coelestem
945 1925 1210 1972 sacerdotem
1234 1947 1316 1990 pro
1342 1934 1467 1978 nobis

90 1995 436 2058 interpellantem
465 2005 696 2048 sanentur,
735 1994 787 2039 ad
810 1995 1043 2040 secundam
1074 2007 1254 2042 mortem
1283 2000 1467 2048 damna—

94 2064 337 2128 tionemque
356 2065 572 2128 perducit.
614 2065 799 2126 Propter
822 2064 908 2109 hoc
934 2076 976 2109 et
1001 2066 1210 2111 Dominus
1241 2086 1362 2115 orare
1390 2091 1467 2119 nos

90 2133 248 2180 doeens
271 2135 382 2180 inter
403 2145 559 2180 caetera
581 2135 750 2179 monuit
772 2145 819 2178 ut
839 2134 1036 2180 dieamus
1060 2153 1069 2180 :
1094 2157 1111 2175 <‹
1136 2136 1317 2185 Dimitte
1341 2144 1465 2189 nobis

91 2227 110 2246 ›>
137 2205 284 2252 debita
306 2215 448 2251 nostra
465 2243 474 2261 ‚
498 2205 610 2250 sieut
627 2216 668 2250 et
695 2222 770 2250 nos
792 2205 1051 2251 dimittimus
1070 2206 1342 2256 debitoribus
1362 2231 1463 2259 nos-

90 2297 108 2316 »
136 2276 208 2320 tris
225 2313 235 2330 ,
267 2286 306 2320 et
330 2294 382 2320 ne
403 2293 477 2321 nos
495 2274 649 2321 inferas
678 2276 723 2320 in
755 2276 1059 2332 tentationem,
1084 2277 1156 2322 sed
1185 2278 1320 2326 libera
1344 2301 1418 2329 nos
1439 2304 1461 2330 a

89 2368 108 2386 >2
134 2346 246 2391 malo
261 2345 294 2391 ⁵⁷⁸.
320 2369 339 2386 υ
362 2349 512 2390 Manet
529 2346 642 2391 enim
667 2346 828 2391 malum
849 2346 891 2390 in
912 2363 1039 2392 carne
1072 2359 1242 2405 nostra,
1271 2369 1357 2397 non
1384 2372 1463 2399 na-

135 2447 145 2468 1
166 2449 241 2478 Luc.
260 2457 302 2484 vi,
322 2448 377 2486 37.
393 2462 439 2469 —
456 2443 471 2466 2
490 2445 602 2478 Jacob.
622 2457 663 2490 ιι,
687 2456 800 2479 10-12.
821 2464 859 2469 —
878 2442 892 2467 3
925 2456 939 2476 1
956 2447 1028 2478 Cor.
1046 2457 1102 2489 xv,
1121 2448 1174 2484 54.
1192 2465 1239 2473 —-
1259 2447 1272 2471 4
1288 2452 1460 2492 Matili.v1,

90 2509 131 2529 12
151 2503 182 2530 et
206 2499 259 2531 13.
