1763 2838
105 187 159 218 DE
198 186 487 217 PECCATORUM
523 186 698 216 MERlTIS
734 186 786 216 ET
823 187 1107 229 thalls'sIONE,
1147 189 1234 219 Llss.
1278 190 1307 219 I.
1384 175 1476 220 303

105 274 125 293 »
145 256 241 298 Jesu
262 252 425 298 Christi
441 250 680 297 secundum
701 252 1026 298 multitudinem
1048 254 1356 300 misericordia}
1370 272 1476 312 suae,

105 344 126 365 »
147 323 222 386 qui
242 322 506 382 regeneravit
524 340 601 368 nos
625 323 668 368 in
689 341 808 386 spem
831 324 931 369 vitae
949 335 1122 371 aeternae
1136 363 1146 381 ‚
1174 343 1252 388 per
1270 343 1480 372 resurrec-

106 416 125 434 »
146 395 305 439 tionem
323 393 424 439 Jesu
447 393 639 447 Christi,
662 394 706 439 in
724 394 1026 440 haereditatem
1049 396 1337 442 immortalem
1356 409 1397 442 et
1416 397 1481 442 in-

105 485 126 506 »
148 465 518 521 contaminatam,
552 465 806 520 florentem,
849 476 1056 511 servatam
1090 467 1134 512 in
1173 468 1318 524 coelis,
1356 469 1481 514 vobis

106 556 126 575 »
150 535 226 598 qui
254 535 298 580 in
324 535 482 581 virtute
519 535 594 582 Dei
619 536 934 581 conservamini
969 553 1047 599 per
1071 537 1201 583 fidem
1230 538 1274 583 in
1299 539 1478 584 salutem

106 616 342 667 »paratam
367 606 511 669 palam
548 606 643 651 fieri
668 607 712 650 in
737 615 932 668 tempore
952 607 1199 653 noxissimo.
1225 630 1244 648 »
1270 610 1325 652 Et
1349 609 1481 671 paulo

105 686 204 738 post
231 694 241 721 ε
270 697 287 716 «
309 676 618 730 lnveniamini,
643 676 808 738 inquit,
833 676 876 720 in
902 675 1076 721 laudem
1097 687 1138 721 et
1154 677 1363 722 honorem
1380 678 1480 723 Jesn

106 767 127 787 2>
150 746 342 802 Christi,
370 763 498 809 quem
522 746 787 806 ignorabatis
805 783 814 799 ‚
843 746 887 790 in
914 763 1042 809 quem
1070 747 1200 792 modo
1225 764 1309 793 non
1327 748 1483 793 viden-

107 838 126 857 »
152 827 212 862 tes
235 817 427 873 creditis,
454 834 582 879 quem
604 829 705 862 cum
731 815 950 871 videritis,
972 817 1216 862 exultabitis
1234 817 1392 877 gaudio
1413 819 1483 864 in-

106 908 126 928 »
150 887 383 932 enarrabili
403 924 413 936 ,
444 898 485 932 et
510 887 724 932 honorato
751 886 909 945 gaudio
938 888 1225 950 percipientes
1252 899 1481 934 testamen—

107 979 126 999 »
151 968 241 1002 tum
267 957 390 1013 fidei,
421 957 600 1003 salutem
634 957 876 1002 animarum
912 958 1190 1005 vestrumst.
1214 982 1234 1000 »
1256 961 1363 1004 Item
1401 960 1482 1005 alio

106 1028 202 1073 loco
226 1046 236 1073 :
264 1050 283 1069 α
303 1029 387 1074 Vos
403 1039 544 1074 autem
561 1065 570 1082 ,
596 1028 738 1091 inquit
758 1066 766 1082 ‚
792 1045 924 1087 genus
943 1028 1128 1074 electum
1147 1067 1156 1085 ‚
1181 1030 1320 1088 regale
1339 1048 1484 1075 sacer-

107 1120 128 1140 »
148 1098 314 1144 dotium
337 1136 346 1154 ,
370 1116 469 1158 gens
489 1110 635 1144 sancta
657 1136 666 1154 ‚
690 1099 883 1162 populus
901 1100 944 1144 in
961 1100 1195 1163 adoptione
1211 1138 1221 1155 ‚
1248 1101 1483 1146 utxirtutes

107 1191 128 1210 »
151 1170 380 1214 enuntietis
394 1172 506 1228 ejus,
532 1170 695 1232 quivos
710 1169 762 1214 de
779 1170 964 1215 tenebris
977 1172 1148 1216 meavit
1166 1172 1210 1216 in
1230 1171 1485 1216 admirabile

103 1262 122 1282 »
145 1240 291 1286 lumen
312 1240 480 1287 suum2.
508 1261 527 1280 ›>
553 1241 602 1284 Et
620 1241 775 1285 iteruin
797 1257 807 1284 z
826 1262 844 1280 c<
863 1239 1081 1295 Christus,
1096 1241 1261 1303 inquit,
1283 1259 1363 1304 pro
1384 1260 1482 1304 pet:-

103 1332 123 1353 »
144 1311 248 1356 catis
272 1311 425 1356 nostris
446 1328 596 1374 passus
617 1322 677 1356 ost
693 1348 703 1366 ,
726 1316 870 1370 justus
896 1328 976 1374 pro
1004 1312 1198 1370 injustis,
1233 1323 1279 1357 ut
1307 1330 1382 1357 nos
1407 1313 1483 1358 ad-

105 1404 125 1423 »
148 1382 280 1427 ducat
302 1381 354 1427 ad
381 1384 520 1428 Deum
537 1382 569 1428 3.
598 1404 617 1423 ›>
642 1384 749 1427 Item
778 1399 877 1427 cum
913 1394 1288 1428 commemorasset
1318 1383 1361 1428 in
1385 1376 1483 1429 art-:a

105 1455 202 1498 No'e
223 1490 233 1508 ,
262 1463 360 1498 octo
383 1453 581 1498 homines
598 1453 735 1497 salros
756 1451 919 1498 factos:
944 1474 963 1492 α
983 1453 1053 1498 Sic
1068 1464 1109 1498 ct
1124 1470 1198 1498 vos
1212 1490 1221 1508 ,
1241 1454 1382 1516 inquit
1398 1491 1407 1508 ,
1429 1454 1484 1498 si—

107 1545 127 1564 »
148 1523 239 1569 mili
258 1523 397 1568 forma
418 1523 635 1586 baptisma
657 1522 795 1567 salros
818 1521 968 1568 l'aoits‘.
996 1545 1015 1563 ›>
1036 1522 1103 1567 Ab
1126 1523 1210 1567 hae
1229 1541 1329 1582 ergo
1350 1523 1484 1569 salute

106 1605 147 1639 et
167 1595 330 1640 lumine
349 1594 474 1639 alieni
495 1604 595 1639 sunt
615 1593 787 1656 parvuli
809 1630 818 1647 ,
840 1604 880 1638 et
901 1593 943 1637 in
963 1593 1205 1656 perditione
1224 1612 1271 1638 ac
1299 1595 1483 1640 tenebris

107 1666 415 1720 remanebunt,
440 1665 519 1710 nisi
542 1682 620 1728 per
642 1664 920 1727 adoptionem
946 1664 1113 1727 populo
1140 1665 1217 1709 Dei
1233 1663 1392 1709 suerint
1413 1683 1484 1710 so-

108 1737 231 1793 ciati„
260 1747 449 1783 tenentes
477 1736 704 1781 Christum
729 1753 899 1800 passum
917 1739 1084 1795 justum
1109 1752 1189 1799 pro
1216 1735 1386 1796 injustis
1403 1774 1414 1792 ‚
1440 1747 1484 1781 ut

109 1826 178 1853 eos
199 1808 390 1854 adducat
412 1807 465 1853 ad
491 1808 647 1854 Deum.

174 1880 316 1925 XLII.
360 1880 421 1923 Ex
452 1877 645 1941 Epistola
686 1878 816 1923 etiam
844 1877 1024 1923 Joannis
1052 1877 1149 1922 haec
1187 1877 1295 1922 mihi
1320 1894 1481 1922 occur-

111 1962 284 2006 rerunt,
301 1967 402 2014 quae
424 1949 530 1994 huie
553 1948 783 2012 quz‘estioni
810 1947 1045 1992 necessaria
1065 1947 1153 1992 visa
1171 1958 1283 1992 sunt.
1317 1969 1335 1987 <‹
1355 1947 1484 2003 Quod

113 2044 131 2063 υ
159 2022 191 2067 si
216 2023 260 2067 in
283 2021 445 2067 lumine
462 2057 472 2074 ,
500 2020 667 2082 inquit,
701 2017 1094 2073 ambulaverimus,
1124 2017 1236 2062 sicut
1258 2017 1405 2079 etipse
1427 2029 1489 2062 est

114 2115 133 2133 »
159 2095 202 2138 in
221 2092 405 2145 lumine,
437 2090 682 2135 societatem
704 2089 918 2133 habemus
948 2088 990 2132 in
1012 2088 1197 2133 invicem
1216 2124 1225 2141 ,
1246 2098 1288 2132 et
1316 2089 1488 2145 sanguis

115 2186 133 2205 n
155 2165 255 2208 Jesu
278 2161 443 2207 Christi
469 2159 565 2204 Filii
579 2163 669 2218 ejus
692 2158 902 2222 purgabit
927 2175 1001 2203 nos
1025 2158 1079 2202 ab
1106 2158 1224 2202 omni
1239 2157 1442 2204 delicto-³.
1470 2182 1488 2199 υ

115 2236 221 2279 ltem
247 2233 330 2278 alio
348 2232 443 2277 loco
470 2248 480 2274 ε
509 2251 528 2270 τ(
551 2229 596 2274 Si
623 2229 914 2274 testimonium
933 2264 944 2283 ,
968 2228 1139 2291 inquit,
1165 2228 1395 2272 hominum
1420 2246 1492 2273 ac-

116 2326 136 2346 »
160 2304 347 2367 cipimus
363 2340 373 2358 ‚
397 2300 688 2347 testimonium
716 2299 793 2344 Dei
813 2303 954 2358 majus
977 2301 1038 2343 est
1057 2318 1068 2352 ;
1086 2299 1196 2362 quia
1222 2298 1307 2343 hoc
1325 2309 1385 2344 est
1407 2310 1492 2344 tes-

115 2397 136 2417 »
163 2373 393 2420 timonium
420 2371 528 2427 Dei,
546 2370 668 2434 quod
692 2374 830 2430 majus
851 2381 912 2415 est
934 2387 943 2414 :
967 2370 1069 2433 quia
1086 2369 1338 2415 testificatus
1362 2382 1422 2416 est
1439 2370 1491 2416 de

167 2473 175 2495 ¹
210 2485 218 2502 ι
254 2476 336 2503 Petr.
373 2483 402 2512 1,
432 2471 524 2504 3·10-
553 2487 598 2492 —
625 2468 716 2503 213.
749 2480 787 2507 11,
806 2480 837 2510 9.
865 2487 907 2493 --
928 2466 1217 2508 31d.111,18.-—
1236 2465 1494 2502 ⁴1bid.21.-

118 2525 161 2557 51
189 2529 286 2559 Joau.
312 2537 340 2568 1,
367 2537 395 2563 7.
