1763 2838
247 213 307 276 74
667 226 702 257 s.
743 224 986 258 Aneusrml
1021 227 1225 258 Errscorl

242 302 391 339 eontra
413 291 696 345 Caecilianum
728 291 847 355 apud
870 293 1176 353 Carthaginem
1201 294 1383 350 factum,
1418 295 1495 342 ubi
1516 312 1615 343 eum

242 366 458 412 absentem
475 365 805 415 damnaverunti
826 365 945 428 quod
969 365 1022 410 ad
1038 384 1107 412 eos
1127 367 1269 412 venire
1283 368 1468 413 noluerit
1485 389 1495 422 3
1514 380 1616 415 tan-

240 454 370 500 quam
395 455 415 482 a
440 436 722 482 traditoribus
746 437 985 493 ordinatus,
1016 449 1056 484 et
1082 438 1183 501 quia
1211 456 1309 483 cum
1336 450 1438 485 esset
1463 440 1615 486 diaco-

240 524 343 563 nus,
384 508 547 553 victum
590 509 728 554 afferri
765 509 1033 571 martyribus
1071 509 1115 554 in
1141 509 1336 555 custodia
1371 510 1617 561 constitutis

239 578 516 640 prohibuisse
535 579 776 626 dicebatur.
805 580 1024 625 Nominati
1047 590 1145 625 sunt
1165 579 1295 624 etiam
1315 579 1494 643 quidam
1521 581 1618 626 col-
1637 587 1640 590 ’

240 647 346 707 legae
383 649 603 695 Caeciliani
624 687 634 704 ,
683 650 757 712 qui
813 649 1035 695 traditores
1090 650 1387 696 asserebantur
1427 650 1618 714 publicis

242 718 381 777 gestis⁹
401 736 501 782 quae
524 731 666 765 tamen
687 731 799 779 gesta
819 738 906 765 non
929 720 1197 779 legebantur.
1233 721 1351 765 Inter
1378 720 1457 765 hos
1476 730 1619 765 autem

242 789 423 834 maxime
446 790 553 835 Felix
584 791 841 850 Abtugensis
867 791 1064 836 acerbius
1089 800 1311 836 accusatus
1338 800 1399 835 est
1418 808 1428 835 ε
1449 812 1469 831 «
1491 792 1556 835 Ita
1572 801 1620 835 ut

240 857 336 903 fons
354 861 563 906 malorum
580 861 771 906 omnium
788 860 1017 907 diceretur.
1042 860 1243 906 »Deinde
1258 861 1478 906 sententia:
1494 879 1515 906 a
1534 861 1618 906 sin-

243 928 352 986 gulis
370 929 498 974 dictae
530 942 653 982 sunt3
676 932 877 992 primitus
903 949 924 976 a
951 931 1150 977 Secundo
1170 930 1424 990 Tigisitano‚
1449 930 1525 993 qui
1542 948 1619 975 eo-

243 1016 339 1043 rum
354 1000 558 1062 princeps
580 1000 686 1053 fuit;
710 1000 866 1046 deinde
887 1020 908 1046 a
929 1002 1096 1047 caeteris
1120 1020 1130 1046 ι
1149 1002 1309 1064 quibus
1324 1011 1622 1063 expresserunt

243 1086 283 1113 se
296 1069 532 1116 Ca-‘ciliano
547 1081 585 1115 et
605 1071 776 1130 collegis
792 1075 882 1130 ejus
900 1089 986 1116 non
1006 1071 1339 1117 communicare.
1362 1073 1457 1116 Hoc
1478 1071 1623 1134 itaque

241 1140 427 1185 concilio
468 1141 645 1186 recitato
689 1142 909 1187 Catholici
947 1142 1282 1205 responderunt,
1327 1141 1418 1186 illas
1456 1141 1618 1186 litteras

245 1211 451 1255 Mensurii
468 1222 509 1256 et
528 1211 714 1257 Secundi
741 1212 793 1256 ad
816 1213 1000 1257 invicem
1021 1213 1160 1265 datas,
1184 1212 1281 1257 satis
1309 1211 1620 1256 demonstrasse

244 1291 439 1342 pacatos,
467 1282 578 1327 nihil
606 1293 750 1345 postea
779 1283 971 1327 criminis
998 1282 1050 1327 de
1082 1282 1196 1327 facto
1226 1281 1434 1326 Mensurii
1457 1281 1524 1327 vel
1544 1298 1622 1325 ac-

244 1361 440 1398 cusatum
483 1352 548 1398 vel
580 1353 825 1411 judicatum
852 1371 862 1398 :
886 1353 1122 1398 concilium
1162 1368 1263 1397 vero
1306 1350 1427 1414 quod
1473 1360 1624 1396 eontra

248 1421 532 1468 Caecilianum
560 1423 720 1469 factum
739 1424 943 1483 legerant,
973 1441 1059 1468 non
1083 1422 1260 1486 quidem
1286 1422 1447 1467 habere
1467 1437 1624 1467 consu-

245 1491 325 1536 lem
351 1504 392 1538 et
417 1493 529 1538 diem
547 1531 557 1547 ‚
585 1495 658 1540 sed
685 1495 789 1539 hinc
816 1512 857 1540 se
880 1493 1048 1539 nullum
1076 1493 1239 1538 crimen
1267 1492 1473 1552 objicere,
1500 1490 1624 1554 quod

246 1564 379 1622 magis
404 1564 675 1623 negligentiae
697 1582 828 1628 quam
848 1564 1013 1609 fraudis
1035 1581 1121 1608 esse
1145 1562 1350 1626 potuerit.

310 1635 493 1679 XXVII.
530 1635 612 1679 Sed
638 1636 891 1680 obtulerunt
929 1635 1056 1679 iidem
1083 1633 1301 1678 Catholici
1327 1632 1444 1679 aliud
1468 1632 1625 1677 conei-

244 1702 350 1748 lium
371 1705 452 1749 snb
475 1705 624 1756 eodem
649 1705 886 1764 Tigisitano
911 1705 1113 1751 habitum
1142 1704 1186 1748 in
1207 1703 1380 1748 civitate
1418 1702 1621 1758 cirtensi,

247 1777 370 1834 eujus
393 1776 543 1821 consul
568 1787 608 1821 et
637 1776 726 1821 dies
750 1794 850 1822 cum
875 1776 1105 1835 legeretur,
1138 1774 1378 1820 Donatistae
1401 1773 1618 1828 dixerunt,

247 1862 327 1890 nec
349 1845 586 1899 consulem,
608 1863 684 1891 nec
704 1846 815 1891 diem
840 1845 938 1891 talia
960 1846 1090 1891 solere
1110 1845 1273 1890 habere
1290 1843 1463 1888 decreta
1481 1842 1515 1889 1.
1540 1842 1625 1888 Hie

250 1915 468 1960 Catholici
485 1916 816 1979 responderunt,
846 1915 1018 1961 illorum
1055 1932 1140 1960 esse
1170 1914 1300 1959 istum
1324 1912 1502 1958 forsitan
1527 1929 1627 1958 mo-

247 2001 353 2037 rem,
378 1987 454 2048 qui
477 1986 661 2031 eoncilia
679 2003 754 2031 sua
775 1986 940 2030 nollent
965 1985 1009 2030 in
1024 1984 1168 2047 aliqua
1192 1984 1376 2029 falsitate
1393 1982 1620 2039 convinci,

248 2055 579 2100 Catholieorum
613 2066 754 2101 autem
792 2055 977 2101 eoncilia
1017 2054 1211 2101 eonsules
1254 2063 1295 2098 et
1330 2053 1420 2098 dies
1459 2069 1628 2115 semper

245 2124 460 2172 habuisse.
490 2126 653 2171 Deinde
676 2126 814 2189 coepit
836 2125 1071 2171 identidem
1098 2124 1353 2179 concilium,
1382 2124 1503 2186 quod
1538 2123 1629 2169 Ca·-

253 2194 406 2239 tholici
431 2197 662 2240 attulerant
681 2234 690 2246 ,
720 2196 922 2246 recitari,
964 2197 1038 2242 ubi
1070 2194 1295 2241 Secundus
1330 2193 1540 2256 quosdam
1576 2192 1629 2239 de

251 2281 436 2327 quorum
467 2266 693 2310 traditione
714 2266 925 2318 audierat,
949 2275 990 2310 et
1026 2265 1276 2323 singillatim
1310 2264 1626 2323 interrogabat,

253 2345 292 2378 et
312 2351 379 2379 eos
399 2335 611 2380 confessos
637 2354 657 2379 a
680 2353 877 2381 consessu
900 2335 1164 2380 removebat.
1197 2333 1327 2390 Quod
1350 2351 1398 2379 eo
1420 2333 1550 2379 modo
1567 2350 1629 2378 re-

253 2403 489 2460 citabatur,
512 2416 554 2450 ut
583 2422 683 2451 cum
711 2423 757 2451 ex
784 2406 971 2450 Cirtensi
995 2404 1181 2450 concilio
1202 2404 1313 2450 lecta
1337 2415 1443 2449 esset
1463 2402 1630 2449 conses—

252 2476 312 2522 sio
347 2475 601 2522 traditorum
620 2514 629 2524 .
654 2476 1005 2536 legereturetiam
1024 2475 1076 2523 de
1100 2475 1285 2521 concilio
1299 2475 1630 2534 Carthaginensi

303 2563 311 2582 ¹
334 2560 417 2592 Vide
436 2561 492 2593 hb.
518 2564 548 2594 3.
569 2567 679 2592 contra
700 2562 916 2597 ‹zresconinrn,
935 2572 1003 2603 rap.
1029 2572 1085 2601 027,
1103 2566 1132 2591 et
1152 2564 1303 2602 Optatum
1323 2559 1380 2592 libr
1404 2570 1431 2591 x.
