1763 2838
265 144 286 163 y

259 161 353 194 0⁴22
681 157 718 190 S.
759 153 1004 189 AUGUSTINI
1038 154 1246 189 EPISCOPI

255 242 355 291 quse
376 233 495 270 sanat
517 234 560 269 et
580 240 675 279 nos,
697 222 743 269 id
761 234 839 277 est,
863 220 1110 267 mediatoris
1133 222 1212 268 Dei
1240 233 1280 268 et
1300 220 1533 270 hominum
1551 222 1641 270 ho-

259 296 387 341 minis
411 294 513 339 Jesu
537 293 718 349 Christi,
740 293 845 338 fides
864 292 1084 350 sanguinis
1102 295 1211 350 ejus,
1235 294 1343 339 fides
1367 295 1509 340 crucis
1523 298 1611 354 ejus
1626 333 1637 352 ‚

258 365 365 412 fides
398 364 545 409 mortis
580 375 622 409 et
647 362 972 409 resurrectionis
999 365 1102 422 ejus.
1135 363 1352 409 Habentes
1383 382 1483 425 ergo
1515 383 1641 411 eum-

259 436 357 481 dem
382 435 583 498 spiritum
609 435 727 492 fidei,
750 446 790 480 et
808 452 886 480 nos
912 433 1142 489 credimus,
1166 445 1346 497 propter
1370 435 1488 498 quod
1505 447 1545 481 et
1571 435 1642 481 lo-

260 505 483 570 quimur1.

325 577 423 621 LII.
448 576 533 621 Iste
556 593 657 622 vcro
689 576 864 636 objecta
896 573 979 620 sibi
1004 573 1268 637 quaestione,
1291 574 1337 620 in
1373 592 1460 638 qua
1497 592 1644 622 revera

260 645 544 692 intolerabilis
566 646 739 692 videtur
771 645 979 692 cordibus
1016 643 1263 690 christianis
1285 682 1296 701 ‚
1333 645 1440 709 quid
1468 663 1645 709 respon-

257 717 355 763 deat
380 716 666 762 attendamus
692 717 763 762 Ait
787 718 902 762 enim
924 733 936 760 ι
971 737 990 756 α
1013 714 1095 760 Sed
1124 714 1213 760 -hoc
1239 725 1300 760 est
1328 715 1449 778 quod
1483 716 1643 762 multos

258 798 419 842 movet,
447 787 632 849 inquies,
649 787 770 850 quod
793 805 881 832 non
905 802 983 849 per
1005 786 1085 831 Dei
1106 786 1287 845 gratiam
1309 785 1533 832 hominem
1552 786 1641 832 sine

255 868 437 922 peccato
461 874 547 902 esse
573 874 697 920 posse
722 857 929 903 defendis.
954 880 968 897 u
997 858 1177 902 Prorsus
1198 857 1285 902 hoc
1310 868 1371 902 est
1396 857 1517 920 quod
1543 874 1635 903 mo-

260 938 349 981 vet,
372 927 459 973 hoc
476 937 537 972 est
557 926 677 991 quod
696 927 948 986 objicimus.
975 927 1083 971 Rem
1108 925 1247 989 ipsam
1274 926 1412 982 dicit3
1440 927 1526 972 hoc
1546 944 1646 972 om-

261 998 366 1042 nino
395 997 616 1056 aegerrime
640 998 928 1043 sustinemus:
961 996 1067 1041 hinc
1089 1014 1111 1041 a
1141 995 1399 1042 Christianis
1428 996 1529 1042 talia
1548 996 1639 1042 dis-

265 1067 430 1130 putari,
457 1084 503 1112 ea
530 1085 658 1131 quam
680 1068 724 1114 in
746 1068 850 1113 alios
876 1077 917 1113 et
940 1067 984 1112 in
1001 1067 1118 1129 ipsos
1138 1066 1351 1112 habemus
1373 1104 1383 1123 ‚
1416 1066 1647 1113 dilectione

260 1153 348 1182 non
367 1136 555 1183 ferimus.
592 1137 829 1183 Audiamus
852 1138 984 1197 igitur
1008 1136 1230 1199 quomodo
1256 1153 1297 1181 se
1323 1137 1377 1182 ab
1401 1137 1647 1197 objectione

268 1207 518 1270 quaestionis
544 1207 678 1267 hujus
702 1208 913 1271 expediat.
955 1231 975 1250 «
999 1208 1038 1254 O
1070 1207 1325 1267 ignorantiae
1349 1208 1521 1253 caecitas
1540 1245 1551 1260 ,
1584 1208 1649 1252 in-

267 1277 380 1337 quit,
405 1293 429 1320 o
455 1276 670 1338 imperitae
694 1278 849 1322 mentis
867 1278 1037 1337 ignavia
1053 1314 1064 1331 ‚
1095 1293 1194 1339 quae
1214 1277 1259 1322 id
1285 1276 1378 1322 sine
1402 1277 1484 1322 Dei
1512 1276 1650 1337 gratia

266 1344 477 1389 defensari
498 1346 727 1401 existimat,
758 1347 875 1409 quod
907 1349 993 1391 Deo
1017 1357 1187 1391 tantum
1214 1346 1362 1391 audiat
1391 1346 1547 1392 debere
1577 1363 1649 1392 re-

272 1415 431 1477 putari.
451 1438 464 1454 »
485 1416 529 1461 Si
554 1417 815 1462 nesciremus
833 1433 934 1480 quae
962 1427 1222 1480 sequantur,
1254 1417 1323 1462 his
1347 1416 1650 1462 tantummodo

276 1487 452 1543 auditis,
483 1487 590 1533 falsa
621 1506 699 1534 nos
725 1489 778 1534 de
799 1490 882 1535 illis
903 1528 913 1546 ‚
941 1491 1130 1546 iactante
1159 1489 1275 1534 fama
1308 1501 1350 1535 ct
1386 1489 1652 1552 quibusdam

275 1557 483 1603 fratribus
507 1557 673 1604 idoneis
697 1561 876 1605 testibus
904 1560 1271 1615 asseverantibus,
1300 1560 1531 1606 credidisse
1560 1575 1652 1623 pu-

273 1638 475 1675 taremus.
504 1629 622 1684 Quid
652 1632 766 1676 enim
793 1631 880 1677 dici
903 1631 1077 1677 brevius
1102 1631 1245 1694 potuit
1266 1642 1305 1676 et
1329 1632 1489 1688 verius,
1519 1647 1652 1695 quam

275 1699 609 1760 possibilitatem
635 1718 722 1745 non
743 1702 955 1764 peccandi
974 1739 984 1757 ‚
1021 1713 1375 1766 quantacumque
1397 1713 1459 1748 est
1482 1702 1550 1748 vel
1573 1701 1652 1747 erit

275 1768 321 1812 in
341 1767 536 1824 homine,
564 1770 734 1814 nonnisi
759 1771 850 1816 Deo
874 1770 1031 1816 debere
1050 1772 1274 1834 reputari?
1301 1772 1398 1818 Hoc
1423 1782 1464 1818 et
1491 1788 1571 1817 nos
1589 1770 1653 1817 di-

277 1837 416 1882 cimus
429 1874 439 1892 ,
462 1841 695 1898 jungamus
712 1839 915 1892 dexteras.

339 1907 464 1953 LIII.
509 1909 577 1953 An
604 1907 818 1954 audienda
843 1920 942 1955 sunt
963 1912 1147 1955 caetera?
1181 1909 1412 1956 Audienda
1437 1910 1584 1975 plane,
1609 1921 1652 1957 et

274 1976 529 2036 corrigenda
554 1979 704 2042 utique
727 1979 794 2025 vel
821 1981 1029 2027 cavenda.
1063 2002 1084 2021 «
1104 1981 1217 2026 Nam
1247 1997 1348 2026 cum
1379 1981 1558 2038 dicitur,
1588 1982 1652 2027 in-

272 2047 387 2109 quit,
408 2048 553 2110 ipsum
576 2066 718 2112 posse,
744 2051 912 2096 arbitrii
932 2051 1115 2098 humani
1142 2052 1319 2099 omnino
1338 2070 1426 2099 non
1453 2070 1556 2107 esse,
1579 2052 1654 2100 sed

275 2118 461 2163 auctoris
480 2130 665 2169 naturae.
694 2121 771 2165 Dei
795 2121 959 2167 scilicet
980 2142 990 2175 3
1026 2123 1151 2187 ecqui
1175 2123 1265 2168 fieri
1287 2133 1457 2186 potest,
1480 2133 1528 2169 ut
1548 2123 1651 2168 abs-

276 2202 360 2248 que
385 2188 463 2232 Dei
488 2189 621 2248 gratia
647 2190 912 2250 intelligatur
928 2229 938 2247 ‚
967 2192 1085 2256 quod
1115 2192 1168 2238 ad
1192 2194 1331 2238 Deum
1356 2192 1534 2256 proprie
1546 2210 1654 2256 per-

277 2255 411 2300 tinere
447 2262 672 2304 censetur?
694 2281 714 2302 »
736 2260 761 2303 J
767 2278 833 2306 am
871 2262 1008 2325 coepit
1034 2280 1244 2326 apparere
1271 2262 1378 2327 quid
1400 2262 1519 2310 dicat
1542 2280 1553 2308 τ
1579 2262 1653 2308 sed

278 2340 332 2369 ne
352 2324 462 2371 forte
482 2326 703 2384 fallamur,
727 2329 855 2375 latius
871 2330 916 2383 id
940 2332 1143 2395 explanat
1159 2343 1199 2378 et
1225 2333 1431 2380 clarius2.
1459 2354 1480 2374 «
1501 2331 1585 2378 Sed
1604 2343 1655 2378 ut

276 2394 365 2440 hoc
398 2397 662 2444 manifestius
679 2437 689 2455 ,
713 2400 883 2464 inquit,
908 2403 1008 2459 fiat,
1033 2403 1167 2467 paulo
1187 2403 1317 2451 latius
1334 2402 1652 2468 disputandum

321 2478 334 2499 ¹
357 2489 370 2508 1
395 2479 467 2511 Cor.
482 2491 519 2518 11,
539 2491 570 2513 2.
588 2498 632 2504 —
649 2480 663 2503 2
684 2483 802 2515 Confer
819 2484 876 2519 lib,
893 2484 932 2516 de
947 2485 1046 2527 gratia
1065 2485 1183 2518 Christi
1200 2497 1227 2518 c.
1250 2493 1284 2526 4.
