1763 2838
284 79 376 123 :326
704 92 740 121 s.
781 90 1026 121 AUGUsrmr
1060 90 1265 122 EPISCOPI

285 160 329 204 in
352 156 543 220 parvulis
556 173 633 220 per
646 155 915 218 baptismum
934 155 1225 200 remissionem
1245 155 1336 202 fieri
1353 167 1647 219 peccatorum.

286 230 373 272 Nec
399 228 588 271 mirum:
615 230 703 271 nen
727 225 840 271 enim
874 224 1115 288 redemptio
1140 226 1223 271 alio
1247 226 1375 272 modo
1410 238 1552 290 posset
1584 229 1656 274 in—

285 297 430 357 telligi.
461 319 478 337 r<
503 297 600 341 Non
626 307 767 342 tamen
796 295 1087 355 originaliter,
1114 297 1349 360 inquiunt,
1384 298 1457 343 sed
1489 298 1535 343 in
1567 299 1656 345 vita

282 364 300 410 >L
313 373 405 430 jam
429 368 634 431 propria,
662 378 947 431 posteaquam
980 367 1071 412 nati
1105 379 1204 413 sunt
1237 379 1468 431 peccatum
1494 370 1657 416 habere

284 463 301 480 ))
321 447 567 500 coeperunt.
594 459 614 478 »

344 508 500 554 LXIV.
546 507 846 564 Quamobrem
870 506 988 553 vides
1013 517 1227 570 quantum
1253 510 1345 568 jam
1383 508 1513 554 distet
1546 510 1657 555 inter

281 597 372 635 eos,
401 589 551 624 contra
578 595 687 639 quos
712 578 757 622 in
782 579 868 623 hoc
893 594 1022 640 opere
1054 577 1130 622 diu
1153 584 1244 638 jam
1271 578 1545 642 multumque
1565 579 1657 625 dis-

281 650 417 705 serui,
441 665 627 712 quorum
649 648 777 693 etiam
804 649 932 694 unius
952 648 1033 707 legi
1059 648 1224 694 librum
1254 663 1302 694 ea
1331 651 1652 707 continentem,

282 737 381 783 quae
406 731 454 764 ut
477 720 601 783 potui
620 719 820 765 refutavi.
852 721 969 763 Inter
986 719 1088 763 istos
1110 735 1210 778 ergo
1229 756 1239 775 ‚
1266 729 1314 764 ut
1337 719 1481 765 dicere
1505 737 1658 784 coepe-

279 807 371 835 ram
389 826 399 844 ,
424 789 501 852 qui
524 789 701 833 omnino
722 788 928 851 parvulos
956 788 1010 833 ab
1036 789 1153 833 omni
1183 800 1364 851 peccato
1390 800 1432 834 et
1459 790 1658 850 originali

278 871 318 905 et
336 859 515 923 proprio
532 876 664 922 puros
682 870 721 904 et
738 859 899 904 liberos
915 876 1001 904 esse
1020 858 1259 905 defendunt
1281 897 1291 916 ‚
1315 871 1357 905 et
1375 861 1476 906 istos
1496 861 1571 925 qui
1589 878 1658 906 eos

275 935 366 990 jam
401 940 522 976 natos
541 930 721 993 propria
742 939 902 993 putant
925 930 1180 974 contraxisse
1203 941 1382 992 peccata
1398 968 1409 986 ‚
1446 948 1469 976 a
1493 931 1657 994 quibus

278 1018 348 1046 eos
375 1000 558 1046 credunt
581 1017 658 1063 per
682 1000 950 1063 baptismum
982 1009 1180 1063 oportere
1209 1001 1415 1062 purgari,
1444 1011 1658 1063 quantum

279 1071 446 1117 intersit
469 1070 600 1117 vides.
632 1070 823 1116 Proinde
844 1070 912 1115 isti
938 1071 1196 1133 posteriores
1219 1070 1428 1116 intuendo
1450 1071 1658 1135 Scriptu-

280 1160 345 1187 ras
365 1180 375 1198 ‚
401 1152 442 1187 et
467 1141 771 1186 auctoritatem
807 1141 939 1186 totius
967 1140 1172 1187 Ecclesiae
1191 1177 1202 1195 ‚
1236 1150 1277 1185 et
1300 1140 1486 1187 formam
1521 1141 1657 1204 ipsius

281 1211 563 1267 sacramenti,
600 1212 710 1256 bene
746 1211 951 1257 viderunt
978 1228 1056 1274 per
1085 1210 1355 1272 baptismum
1390 1211 1435 1255 in
1466 1210 1659 1274 parvulis

278 1293 561 1345 peccatorum
585 1281 678 1326 fieri
703 1282 995 1327 remissionem
1022 1299 1032 1325 :
1060 1279 1132 1325 sed
1157 1280 1364 1339 originale
1388 1298 1497 1337 esse,
1519 1280 1658 1344 quid-

281 1353 386 1416 quid
411 1352 519 1397 illud
541 1353 585 1397 in
606 1352 663 1397 eis
687 1364 750 1397 est
765 1390 775 1408 ,
799 1353 865 1398 vel
891 1353 1045 1397 nolunt
1066 1351 1208 1396 dicere
1223 1388 1234 1407 ,
1256 1351 1323 1396 vel
1344 1368 1430 1397 non
1454 1362 1651 1415 possunt.

281 1423 351 1467 llli
377 1433 518 1467 autem
539 1422 703 1485 priores
724 1423 767 1468 in
787 1423 881 1485 ipsa
899 1433 1054 1467 natura
1079 1422 1271 1466 humana
1286 1458 1297 1477 ,
1322 1438 1422 1484 quae
1447 1422 1502 1466 ab
1521 1421 1659 1467 omni-

283 1494 366 1538 bus
403 1503 450 1538 ut
487 1491 784 1538 consideretur
821 1492 866 1537 in
907 1502 1118 1555 promptu
1151 1502 1239 1548 est,
1281 1492 1391 1537 bene
1424 1491 1654 1548 viderunt,

281 1563 401 1627 quod
431 1563 557 1608 facile
586 1562 695 1618 fuit,
724 1574 897 1609 aetatem
921 1563 1038 1608 illam
1065 1565 1110 1608 in
1142 1579 1219 1607 sua
1240 1566 1331 1622 jam
1367 1563 1454 1608 vita
1481 1563 1659 1625 propria

283 1634 395 1680 nihil
418 1634 587 1696 peccati
608 1634 796 1697 potuisse
822 1634 1080 1679 contrahere
1103 1651 1112 1677 ε
1141 1633 1214 1679 sed
1239 1650 1292 1678 ne
1311 1643 1541 1696 peccatum
1567 1633 1659 1678 ori-

284 1704 423 1764 ginale
449 1703 691 1760 fateantur,
713 1704 883 1750 nullum
914 1721 1000 1749 esse
1024 1704 1202 1749 omnino
1223 1714 1454 1767 peccatum
1479 1704 1526 1749 in
1550 1721 1658 1767 par-

283 1773 393 1820 vulis
411 1772 578 1820 dicunt.
606 1774 658 1818 ln
680 1774 749 1819 his
768 1791 867 1834 ergo
891 1790 992 1836 quae
1014 1774 1181 1833 singula
1198 1791 1299 1819 vera
1322 1773 1501 1829 dicunt,
1536 1773 1658 1836 prius

282 1846 394 1891 inter
414 1861 455 1889 se
474 1844 557 1908 ipsi
581 1845 884 1901 consentiunt,
914 1856 954 1890 et
973 1855 1283 1908 consequenter
1310 1846 1384 1889 fiet
1413 1855 1462 1890 ut
1480 1862 1503 1890 a
1532 1845 1659 1889 nobis

285 1915 400 1960 nulla
424 1931 472 1959 ex
496 1926 621 1977 parte
642 1914 910 1961 dissentiant.
944 1915 1053 1959 Nam
1072 1915 1105 1960 si
1125 1914 1318 1977 parvulis
1338 1914 1568 1978 baptizatis
1587 1931 1658 1959 re-⁴

284 1984 527 2030 missionem
549 1986 641 2030 fieri
664 1996 946 2048 peccatorum
964 1985 1207 2031 concedant
1224 1984 1285 2030 illi
1309 1985 1429 2038 istis3
1452 1984 1658 2048 parvulos

282 2067 452 2111 autem,
483 2066 530 2101 ut
553 2056 643 2119 ipsa
663 2067 820 2102 natura
845 2057 890 2102 in
916 2056 1057 2101 tacitis
1083 2055 1322 2101 infantibus
1354 2055 1537 2111 elamat,
1567 2071 1658 2100 suae

280 2127 381 2173 vitae
404 2127 597 2189 propriae
624 2127 791 2172 nullum
815 2127 962 2172 adhuc
987 2126 1244 2172 contraxisse
1257 2136 1485 2189 pecca-tum
1504 2142 1658 2171 conce-

280 2197 384 2241 dant
402 2197 466 2242 isti
487 2197 594 2250 illis;
614 2197 855 2243 concedent
877 2199 1049 2261 utrique
1072 2197 1217 2252 nobis,
1240 2196 1410 2242 nullum
1429 2195 1511 2241 nisi
1530 2195 1657 2254 origi-

280 2267 374 2312 nale
388 2278 543 2311 restare
563 2304 573 2322 ,
603 2267 722 2330 quod
743 2285 822 2332 per
844 2268 1113 2330 baptismum
1148 2267 1341 2312 solvatur
1369 2267 1414 2312 in
1439 2264 1648 2329 parvulis.

343 2337 474 2383 LXV.
508 2338 574 2383 An
598 2355 696 2383 vero
722 2349 762 2384 et
780 2338 867 2384 hoc
887 2338 1116 2401 quaeritur,
1148 2338 1256 2383 etde
1278 2337 1364 2383 hoe
1391 2336 1655 2400 disputaturi

278 2420 319 2455 et
343 2420 514 2471 tempus
538 2407 591 2453 ad
610 2408 695 2455 hoe
723 2409 963 2472 impensuri
988 2424 1134 2454 sumus
1151 2445 1162 2465 ,
1190 2409 1237 2454 ut
1266 2408 1504 2472 probemus
1525 2417 1655 2471 atque
