1763 2838
233 220 293 282 76
655 230 691 260 s.
733 226 976 259 AUGus’rrm
1011 227 1214 258 Erlscom

227 297 488 357 flmginensi,
512 297 555 342 in
582 311 670 358 quo
696 294 856 339 lectum
880 291 1020 337 fuerat
1039 293 1255 338 absentem
1276 294 1557 341 Caecilianum
1577 313 1599 341 a

228 368 375 413 multis
402 366 617 430 episcopis
640 364 766 409 fuisse
786 363 1053 408 damnatum.
1089 363 1184 408 Hoc
1209 363 1317 409 illud
1341 366 1594 420 concilium,

229 440 331 501 quia
348 436 567 482 Catholici
591 434 876 479 recitaverant
894 432 1116 477 relationes
1143 433 1319 479 Anulini
1353 451 1599 496 proconsu-

226 508 295 563 lis,
316 509 478 570 quibus
499 515 727 568 appareret
749 504 924 549 chartas
949 502 1183 548 eriminum
1210 505 1433 549 Caeciliani
1456 506 1598 550 Cons-

231 578 397 623 tantino
415 576 671 640 Imperatori
696 591 781 620 esse
806 573 1069 618 transmissas
1089 610 1099 627 ‚
1127 573 1246 635 quod
1270 575 1418 637 utique
1433 586 1600 633 agentes

231 650 597 694 confirmaverunt
622 665 643 692 a
662 644 901 704 majoribus
916 644 1000 689 suis
1021 644 1304 689 Caecilianum
1319 646 1437 708 apud
1458 647 1606 707 Impe-

230 729 416 764 ratorem
443 727 707 763 accusatum.
734 717 1004 777 Responsum
1028 724 1088 759 est
1110 725 1251 760 autem
1279 732 1302 758 a
1343 715 1602 770 Catholicis,

230 789 340 834 illud
367 788 708 847 Carthaginense
749 785 986 831 concilium
1007 786 1067 829 sie
1092 802 1180 830 non
1212 785 1500 847 proejudieare
1524 785 1608 830 ab·-

232 858 339 904 senti
365 858 602 903 Caeciliano
620 894 630 911 ,
660 854 1033 918 quemadmodum
1058 872 1143 900 non
1179 855 1484 917 praejudicavit
1526 855 1609 900 ab·-

232 928 340 974 senti
361 927 582 972 Primiano
607 926 844 971 concilium
871 942 1021 970 eorum
1046 944 1067 970 a
1091 926 1253 988 quibus
1280 926 1325 970 in
1361 924 1610 969 Maximiani

231 1015 359 1044 causa
387 997 619 1042 damnatus
642 1007 728 1041 est:
754 996 961 1058 quoniam
983 996 1116 1054 magis
1140 996 1277 1040 tenuit
1300 1012 1402 1057 pars
1428 994 1607 1050 Donati,

228 1069 348 1134 quod
375 1079 519 1113 actum
537 1079 597 1113 est
617 1077 767 1130 postea
785 1083 865 1129 pro
884 1067 1123 1120 Primiano,
1151 1083 1283 1129 quam
1303 1066 1417 1111 illius
1436 1066 1612 1111 concilii

232 1139 535 1185 auctoritatem
559 1154 646 1200 quo
685 1137 826 1181 fuerat
866 1147 963 1181 ante
994 1135 1223 1181 damnatus
1251 1154 1261 1181 :
1295 1137 1355 1181 sic
1386 1153 1485 1196 ergo
1506 1135 1612 1181 etin

234 1208 460 1254 Caeciliani
485 1224 612 1252 causa
637 1206 793 1251 debere
828 1205 991 1251 attendi
1025 1206 1143 1268 quod
1170 1217 1315 1268 postea
1343 1216 1506 1263 gestum
1530 1215 1605 1250 est.

234 1279 318 1325 Hic
352 1278 586 1324 Donatistae
612 1277 664 1322 de
691 1275 940 1321 Maximiani
966 1292 1094 1320 causa
1126 1276 1335 1320 coarctati
1377 1275 1575 1320 dixerunt
1599 1291 1608 1318 :

234 1370 255 1391 «
281 1350 369 1394 Nec
405 1365 579 1394 causam
606 1363 766 1401 causae,
810 1364 888 1391 nec
923 1362 1150 1408 personam
1186 1346 1475 1408 praejudicare
1508 1361 1614 1407 per-

235 1436 407 1465 sonae.»
442 1420 587 1475 Quam
626 1416 879 1463 sententiam
920 1416 964 1461 in
996 1433 1067 1460 ore
1107 1416 1269 1460 habere
1303 1415 1439 1460 solent
1470 1431 1616 1459 omnes

242 1490 481 1543 Catholici,
503 1506 604 1534 cum
630 1487 869 1532 Donatistae
886 1486 1069 1531 aliorum
1094 1487 1274 1531 crimina
1300 1486 1391 1530 aliis
1411 1485 1617 1544 objicien-

240 1570 297 1606 tes
320 1577 440 1605 suam
464 1558 777 1621 separationem
819 1556 1116 1611 defenderent,
1153 1567 1194 1601 et
1217 1556 1370 1600 orbem
1397 1555 1616 1600 Christia-

238 1647 344 1675 num
364 1629 506 1674 nescio
530 1629 692 1691 quibus
715 1626 918 1672 Afrorum
938 1627 1195 1671 criminibus
1216 1636 1479 1671 accusarent.
1503 1626 1617 1670 Nam

239 1711 281 1746 et
303 1700 383 1746 ista
415 1698 655 1744 Collatione
681 1707 819 1742 totum
848 1696 967 1759 quod
991 1707 1164 1755 egerant
1188 1695 1425 1751 Catholici,
1457 1706 1503 1740 ut
1523 1697 1614 1740 Ec-

238 1770 377 1817 clesiae
397 1786 572 1815 causam
595 1787 617 1813 a
634 1784 763 1813 causa
791 1767 1013 1812 Caeciliani
1052 1767 1366 1826 distinguerent
1387 1776 1616 1810 asserentes

237 1841 282 1886 in
305 1840 495 1886 Ecclesia
514 1839 745 1902 permixtos
779 1837 912 1882 malos
941 1854 1028 1882 non
1064 1838 1210 1882 obesse
1234 1836 1377 1891 bonis,
1424 1853 1503 1880 nec
1551 1853 1620 1881 eos

238 1912 324 1957 suis
339 1910 555 1956 maculare
576 1909 785 1972 peccatis,
815 1909 900 1953 hoc
926 1908 1074 1970 utique
1100 1918 1288 1967 egerant„
1318 1917 1365 1952 ut
1391 1923 1469 1951 nec
1489 1923 1619 1951 causa

241 1998 383 2027 causae
416 1979 752 2043 praejudicaret,
798 1995 876 2022 nec
920 1994 1103 2039 persona
1142 1993 1351 2040 personae.
1393 1976 1524 2032 Quod
1566 1975 1623 2021 ab

246 2051 498 2097 adversariis
524 2050 629 2094 dum
650 2048 767 2094 aliud
791 2058 1001 2107 ageretur,
1030 2065 1135 2093 voce
1164 2046 1431 2109 apertissima
1454 2047 1622 2090 confir-

245 2132 411 2166 matum
429 2130 504 2166 est.
524 2119 607 2164 Sed
629 2119 837 2177 Cognitor
861 2134 960 2162 cum
983 2119 1202 2180 quaesisset
1222 2116 1329 2179 quid
1355 2115 1408 2161 de
1432 2115 1623 2161 Cartha-

241 2190 405 2250 ginensi
435 2188 620 2234 concilio
647 2187 864 2232 Catholici
896 2187 1234 2249 responderent,
1260 2187 1415 2232 iterum
1441 2203 1624 2248 respon-

245 2260 404 2306 derunt
445 2276 532 2304 non
574 2274 659 2302 esse
706 2257 1068 2302 contemnendam
1114 2256 1438 2302 similitudinem
1483 2272 1624 2301 causae

248 2329 460 2375 Primiani
480 2366 490 2385 ,
538 2329 640 2392 quia
665 2338 704 2373 et
749 2328 959 2372 Dominus
982 2327 1180 2373 Christus
1215 2327 1388 2373 Judaeos
1417 2325 1469 2371 de
1503 2325 1626 2371 sactis

250 2418 399 2447 eorum
427 2400 687 2445 convincens
707 2397 975 2461 perducebat
999 2397 1052 2442 ad
1077 2415 1243 2444 verum.

311 2472 475 2519 XXIX.
511 2469 677 2516 Deinde
703 2470 940 2515 Donatistae
958 2468 1083 2529 longa
1101 2469 1400 2532 prosecutione
1419 2468 1621 2527 agebant,

253 2554 301 2590 ut
321 2561 366 2591 ex
396 2541 510 2589 illius
549 2542 805 2588 auctoritate
825 2541 1175 2601 Carthaginensis
1197 2540 1372 2586 concilii
1395 2539 1624 2584 confirma-
