1763 2838
428 207 558 239 LissEn
594 205 649 239 DE
685 207 858 239 srmrru
895 208 950 239 Er
982 206 1181 240 LITTERA.
1413 197 1508 253 413

133 272 180 319 id
204 290 325 333 agere
358 273 596 337 pertineat,
634 273 722 320 hoc
758 291 934 339 quoque
970 290 1129 320 munus
1161 292 1248 321 esse
1277 275 1476 324 divinum
1496 317 1507 336 ‚

135 354 265 406 atque
294 343 392 390 ideo
421 361 511 390 non
532 343 737 391 dubitare
762 363 871 410 opus
895 361 981 391 esse
1012 344 1211 392 divinum
1234 364 1245 391 ε
1272 351 1429 395 «Deus
1451 360 1512 396 est

134 434 156 455 »
175 414 289 459 enim
307 414 383 478 qui
404 425 609 479 operatur
628 416 672 461 in
690 416 816 463 vobis
832 454 844 473 ‚
886 415 945 462 ait
963 416 1196 479 Apostolus
1214 455 1225 475 ‚
1263 428 1305 465 et
1327 419 1435 466 velle
1471 430 1513 466 et

133 504 156 528 »
175 486 346 548 operari
374 503 456 550 pro
480 487 597 533 bona
626 486 847 534 voluntate
860 485 893 533 1.
919 507 940 528 ›>

200 557 283 604 III.
314 557 503 604 Proinde
526 575 613 604 non
636 557 826 604 multum
849 556 1017 603 molesti
1034 570 1134 604 sunt
1154 597 1164 616 ‚
1192 570 1233 605 et
1257 560 1510 607 instandum

133 637 195 672 est
212 627 269 673 eis
287 665 298 684 ,
323 639 371 674 ut
393 629 426 675 si
444 641 626 693 possunt
644 667 655 686 ‚
683 628 913 675 ostendant
937 629 996 674 ita
1017 647 1124 685 esse,
1161 631 1238 694 qui
1262 631 1415 677 dicunt
1439 634 1510 678 vi-

130 713 229 744 vere
254 698 330 745 hic
349 699 574 746 hominem
590 738 600 757 ‚
624 701 710 746 sive
728 699 877 746 vixisse
895 699 984 745 sine
1003 699 1091 745 ullo
1115 700 1292 746 omnino
1308 713 1504 763 peccato.

132 767 245 814 Nam
262 770 296 816 si
318 771 561 817 testimonia
584 771 913 834 Scripturarum
933 808 943 826 ‚
968 771 1130 833 quibus
1153 771 1346 818 existimo
1360 771 1513 817 defini-

131 849 226 884 tum
244 877 254 896 ‚
288 842 459 888 nullum
493 841 716 887 hominem
742 842 816 887 hic
851 841 1066 888 viventem
1084 879 1094 897 ‚
1121 843 1321 906 quamvis
1361 853 1511 888 utatur

128 907 268 955 libero
295 911 476 957 arbitrio
495 949 505 968 ‚
535 911 719 957 inveniri
755 912 843 957 sine
876 922 1059 975 peccato
1078 949 1088 966 ‚
1123 913 1249 958 sicuti
1273 923 1334 958 est
1360 930 1370 957 ι
1408 934 1426 953 <‹
1448 914 1509 958 Ne

129 1001 151 1022 >2
170 980 302 1027 intres
320 981 596 1041 injudicium
616 999 717 1028 cum
738 1000 858 1029 servo
881 994 957 1028 tuo
977 1019 988 1037 ,
1017 983 1224 1046 quoniam
1246 1000 1333 1028 non
1351 983 1511 1042 Justifi-

130 1072 152 1093 »
171 1053 344 1099 cabitur
358 1053 403 1099 in
417 1064 655 1117 conspectu
672 1065 748 1099 tuo
766 1054 905 1100 omnis
921 1054 1113 1109 vivens&
1132 1076 1151 1095 ›>
1173 1064 1215 1100 et
1233 1065 1386 1101 crotera
1409 1054 1509 1099 talia

129 1123 361 1186 quisquam
380 1124 535 1170 docere
554 1126 745 1188 potuerit
760 1126 882 1171 aliter
902 1125 1155 1187 accipienda
1177 1142 1308 1188 quam
1326 1136 1479 1171 sonant
1493 1162 1503 1179 ‚

129 1202 171 1238 et
189 1192 548 1241 demonstraverit
566 1195 754 1259 aliquem
774 1195 841 1241 vel
862 1195 1027 1258 aliquos
1046 1195 1135 1239 siue
1160 1196 1248 1240 ullo
1268 1196 1340 1241 hic
1361 1197 1509 1241 vixisse

127 1276 311 1327 peccato
327 1303 338 1322 ,
366 1266 442 1329 qui
466 1283 552 1311 non
570 1266 607 1311 ei
626 1303 636 1321 ‚
661 1283 749 1311 non
767 1265 906 1312 solum
932 1265 1109 1311 minime
1135 1265 1382 1312 adversatus
1399 1305 1409 1323 ‚
1434 1284 1509 1312 ve-

127 1336 356 1381 rumetiam
379 1336 621 1402 plurimum
646 1336 884 1396 gratulatus
907 1336 1037 1381 fuerit
1056 1374 1065 1392 ‚
1099 1354 1187 1382 non
1214 1337 1509 1383 mediocribus

128 1406 379 1452 invidentiae
405 1407 590 1452 stimulis
615 1408 815 1467 agitatur.
843 1407 963 1462 Quin
983 1408 1148 1453 etiamsi
1174 1425 1300 1453 nemo
1327 1419 1412 1463 est,
1437 1418 1509 1453 aut

126 1475 211 1522 fuit
229 1514 240 1531 ‚
269 1488 343 1523 aut
363 1478 467 1534 erit,
490 1478 608 1541 quod
633 1479 767 1537 magis
785 1477 915 1523 credo
936 1515 945 1533 ,
968 1478 1042 1523 tali
1063 1479 1252 1541 puritate
1270 1479 1504 1542 perfectus,

128 1557 171 1592 et
193 1558 338 1594 tamen
363 1566 448 1594 esse
465 1584 475 1602 ‚
504 1559 577 1593 aut
597 1548 727 1593 fuisse
742 1585 751 1603 ‚
772 1558 852 1611 aut
869 1547 960 1592 fore
978 1548 1227 1594 defenditur
1241 1560 1281 1595 et
1302 1560 1506 1612 putatur3

128 1629 342 1682 quantum
367 1636 443 1679 ego
465 1618 667 1679 judicare
702 1635 876 1681 possum
894 1655 904 1673 ‚
940 1635 1027 1664 non
1057 1618 1246 1664 multum
1279 1630 1447 1665 erratur
1468 1619 1503 1673 3,

129 1705 209 1734 nec
233 1689 474 1752 perniciose
492 1726 502 1744 ,
531 1706 631 1734 cum
653 1687 842 1751 quadam
869 1688 1049 1752 quisque
1068 1689 1368 1735 benevolentia
1392 1689 1509 1734 salli-

129 1769 203 1804 tur
229 1777 239 1804 :
274 1760 308 1805 si
334 1771 478 1806 tamen
500 1761 577 1824 qui
600 1760 687 1805 hoc
716 1769 868 1822 putat„
905 1777 946 1804 se
971 1760 1116 1822 ipsum
1147 1761 1273 1806 talem
1308 1778 1392 1805 esse
1420 1777 1507 1804 non

128 1840 283 1892 putet,
311 1832 393 1876 nisi
412 1849 455 1876 re
473 1848 574 1877 vera
595 1848 644 1876 ac
662 1830 830 1893 liquido
852 1829 979 1875 talem
997 1847 1038 1875 se
1058 1848 1142 1876 esse
1161 1832 1436 1894 perspexerit.

194 1899 269 1947 IV.
302 1901 386 1947 Sed
405 1901 489 1947 illis
509 1901 715 1947 acerrime
745 1917 794 1946 ac
827 1900 1199 1945 vehementissime
1224 1901 1505 1946 resistendum

130 1979 220 2024 est,
249 1973 324 2034 qui
344 1983 504 2035 putant
528 1974 617 2017 sine
638 1971 855 2029 adjutorio
880 1971 959 2015 Dei
984 1988 1063 2033 per
1086 1988 1128 2016 se
1153 1971 1293 2033 ipsam
1317 1972 1405 2017 vini
1426 1988 1507 2017 vo-

129 2037 310 2085 luntatis
326 2041 533 2087 humanae
551 2040 846 2100 reljustitiam
866 2057 989 2102 posse
1007 2042 1214 2104 perficere
1227 2078 1236 2095 ‚
1256 2041 1323 2087 vel
1343 2041 1397 2086 ad
1414 2057 1507 2086 eam

130 2110 317 2156 tenendo
341 2112 552 2174 proficere
582 2129 592 2155 :
624 2121 666 2156 et
699 2127 800 2155 cum
831 2114 973 2169 urgeri
1008 2111 1252 2173 coeperint,
1287 2111 1508 2174 quomodo

129 2180 176 2226 id
199 2193 469 2245 praesumant
494 2199 674 2228 asserere
708 2182 800 2226 fieri
832 2180 921 2226 sine
956 2198 1038 2243 ope
1062 2180 1208 2227 divina
1226 2219 1236 2237 ‚
1263 2183 1508 2245 reprimunt

131 2268 172 2297 se
192 2289 202 2308 ‚
239 2271 319 2299 nec
341 2253 458 2299 hanc
488 2270 641 2299 vocem
676 2251 836 2298 audent
865 2252 1057 2297 emittere
1077 2286 1086 2304 ‚
1119 2252 1327 2315 quoniam
1358 2253 1506 2299 vident

131 2339 262 2385 quam
282 2324 335 2368 sit
357 2323 493 2387 impia
510 2361 520 2380 ‚
548 2335 589 2370 et
614 2341 700 2369 non
718 2322 907 2369 ferenda.
934 2322 1017 2368 Sed
1034 2323 1179 2377 aiunt,
1200 2323 1297 2368 ideo
1321 2325 1400 2369 ista
1418 2325 1506 2370 sine

131 2408 213 2456 ope
239 2392 385 2439 divina
410 2411 497 2439 non
520 2394 634 2449 fieri,
657 2395 759 2459 quia
777 2403 818 2439 et
842 2393 1066 2439 hominem
1087 2397 1204 2438 Deus
1223 2395 1385 2441 creavit
1403 2411 1504 2440 cum

179 2491 329 2537 ¹Philip.
353 2505 390 2533 11,
429 2494 480 2525 13.
502 2512 546 2518 ——-
578 2492 593 2516 ²
622 2491 701 2526 Psal.
731 2505 846 2530 cxmx,
881 2505 912 2528 2.
945 2511 987 2518 -—
1016 2490 1030 2516 3
1062 2494 1178 2526 Confer
1194 2494 1252 2529 lib.
1280 2501 1311 2532 4.
1338 2495 1376 2527 ad
1398 2494 1504 2531 Bonis.

129 2555 202 2589 cap·
223 2557 234 2577 1
242 2557 273 2579 ο.
536 2553 627 2591 ’4.ζῖςῖῑῇ
643 2566 691 2592 2:01
