1763 2838
277 121 370 176 412
696 135 730 162 S.
773 132 1016 164 Aucusrrm
1051 132 1254 164 Emscom

276 196 728 262 perfectionejustitiae
752 197 963 253 hominis,
987 198 1105 260 quod
1123 216 1215 245 eam
1238 216 1362 245 nemo
1386 199 1431 245 in
1455 199 1540 245 hac
1556 197 1644 244 vita

278 270 341 314 vel
382 280 597 314 assecutus
618 305 628 322 ‚
665 268 731 313 vel
763 279 1031 314 assecuturus
1072 270 1270 316 videatur
1289 308 1298 326 ‚
1337 281 1515 333 excepto
1558 286 1644 314 uno

278 339 513 383 Mediatore
529 376 539 394 ,
559 341 636 401 qui
654 339 846 384 humana
869 355 1095 401 perpessus
1109 341 1231 385 estin
1253 340 1534 386 similitudine
1554 356 1646 384 car-

277 409 341 453 nis
372 408 567 471 peccati,
602 409 690 453 sine
728 408 816 454 ullo
856 409 1036 453 omnino
1067 420 1249 472 peccato
1275 428 1285 455 ι
1325 409 1578 473 rescripsisti
1606 419 1646 454 te

276 478 436 523 moveri
455 495 529 534 eo,
559 478 676 541 quod
705 479 749 525 in
782 479 1018 542 posteriore
1052 479 1242 525 duorum
1268 480 1382 525 libro
1410 481 1502 525 fieri
1525 496 1648 542 posse

274 548 387 603 dixi,
416 559 463 593 ut
483 548 537 593 sit
555 549 687 594 homo
707 549 794 594 sine
812 559 995 612 peccato
1011 586 1022 605 ‚
1050 549 1084 594 si
1109 549 1311 596 voluntas
1329 553 1418 609 ejus
1439 566 1525 594 non
1540 548 1648 594 desit

274 636 355 681 ope
376 618 608 679 adjuvante
623 618 787 675 divina,
808 630 851 664 et
874 630 1015 665 tamen
1037 630 1196 682 praeter
1216 637 1353 665 unum
1378 619 1422 664 in
1439 635 1527 682 quo
1548 635 1640 663 om-

274 707 346 735 nes
370 689 739 735 vivificabuntur1
758 727 769 746 ,
798 690 1012 735 neminem
1039 690 1166 736 fuisse
1190 690 1258 737 vel
1275 690 1364 735 fore
1393 690 1437 735 in
1460 706 1548 752 quo
1572 688 1648 733 hic

272 760 442 805 vivente
470 771 575 805 esset
604 761 681 805 ista
711 762 933 823 perfectio.
967 761 1219 807 Absurdum
1243 761 1357 805 enim
1378 760 1459 805 tibi
1477 759 1650 805 videtur

273 829 361 875 dici
392 829 557 891 aliquid
592 831 682 875 fieri
710 847 829 893 posse
855 835 978 890 cujus
1016 831 1125 877 desit
1161 831 1402 894 exemplum
1422 867 1432 886 ‚
1471 846 1571 876 cum
1589 829 1649 874 si-

275 910 349 945 cut
375 899 504 944 credo
523 917 610 944 non
635 900 808 946 dubites
826 938 836 956 ‚
858 918 1085 963 nunquam
1105 919 1191 947 0550
1211 902 1373 947 factum
1390 939 1400 957 ,
1428 912 1477 946 ut
1493 917 1571 963 per
1587 900 1650 945 fo-

274 987 421 1014 ramen
439 985 540 1014 acus
569 970 758 1015 camelus
779 970 1024 1027 transiret2‚
1047 981 1089 1015 et
1114 981 1254 1016 tamen
1272 972 1343 1017 ille
1368 973 1453 1016 hoc
1475 985 1651 1033 quoque

274 1040 380 1084 dixit
405 1041 495 1084 Deo
517 1057 602 1086 esse
619 1040 824 1103 possibile
852 1058 862 1085 :
890 1040 1002 1100 legas
1021 1041 1152 1086 etiam
1177 1041 1410 1086 duodecim
1434 1039 1567 1085 millia
1584 1039 1650 1084 le-
1681 1103 1690 1106 -

274 1109 418 1168 giones
437 1110 687 1170 angelorum
712 1127 794 1173 pro
821 1111 997 1156 Christo
1017 1148 1028 1166 ,
1052 1128 1105 1156 ne
1131 1122 1356 1173 pateretur
1372 1111 1388 1139 ³
1408 1148 1418 1166 ‚
1456 1125 1653 1173 pugnare
1716 1162 1718 1164 ,

274 1181 464 1243 potuisse
484 1218 494 1237 ‚
514 1198 592 1226 nec
614 1192 753 1226 tamen
771 1182 935 1227 factum
959 1199 970 1227 :
993 1183 1105 1241 legas
1122 1183 1212 1228 fieri
1230 1182 1437 1245 potuisse,
1460 1192 1508 1226 ut
1525 1179 1654 1226 semel

274 1261 419 1309 gentes
438 1251 824 1297 exterminarentur
847 1269 871 1297 a
892 1262 1003 1297 terra
1024 1269 1124 1314 quae
1142 1252 1333 1297 dabatur
1349 1252 1448 1297 filiis
1470 1249 1648 1305 lsrael&

278 1321 418 1364 Deum
457 1332 598 1366 tamen
634 1321 845 1383 paulatim
887 1322 979 1366 fieri
1008 1322 1249 1368 voluisse5:
1283 1332 1324 1366 et
1355 1321 1435 1367 alia
1459 1331 1654 1367 sexcenta

275 1401 455 1452 possunt
480 1408 708 1437 occurrere
728 1428 739 1447 ,
765 1408 865 1454 quae
890 1392 980 1436 fieri
1000 1428 1010 1446 ‚
1034 1392 1101 1437 vel
1124 1392 1312 1454 potuisse
1333 1428 1343 1446 ‚
1365 1392 1431 1437 vel
1454 1409 1577 1455 posse
1592 1390 1653 1436 fa-

278 1470 469 1516 teamur‚
499 1472 539 1506 et
571 1478 719 1507 eorum
750 1472 894 1506 tamen
919 1462 1112 1524 exempla
1138 1461 1257 1524 quod
1288 1461 1403 1507 facta
1437 1462 1522 1507 sint
1546 1479 1654 1525 pro-

276 1530 382 1575 ferre
406 1549 684 1594 nequeamus.
715 1531 840 1577 Unde
870 1549 957 1576 non
989 1531 1086 1577 ideo
1110 1550 1263 1592 negare
1298 1532 1506 1577 debemus
1525 1569 1535 1588 ‚
1562 1532 1655 1577 fieri

276 1618 400 1664 posse
418 1613 465 1647 ut
482 1603 618 1648 homo
635 1602 723 1648 sine
739 1613 920 1666 peccato
939 1603 992 1648 sit
1012 1640 1022 1658 ‚
1043 1603 1145 1666 quia
1159 1603 1304 1649 nullus
1319 1614 1381 1648 est
1401 1603 1651 1658 hominum,

278 1683 437 1734 praeter
462 1672 585 1717 illum
617 1673 693 1737 qui
724 1690 813 1718 non
840 1684 1010 1719 tantum
1041 1674 1202 1729 homo,
1238 1673 1311 1719 sed
1341 1675 1466 1719 etiam
1501 1685 1656 1718 natura

278 1741 394 1787 Deus
408 1753 469 1786 est
482 1778 493 1797 ,
511 1743 556 1787 iu
569 1760 658 1805 quo
675 1743 721 1788 id
739 1760 825 1788 esse
842 1743 1083 1805 perfectum
1104 1744 1398 1789 demonstrare
1422 1744 1649 1807 possimus,

343 1812 403 1857 ΙΙ.
449 1811 533 1857 Hic
555 1812 732 1858 fortasse
755 1813 1016 1875 respondeas
1036 1850 1046 1869 ‚
1082 1814 1159 1859 ista
1190 1831 1289 1876 quae
1320 1812 1656 1860 commemoravi

278 1881 393 1926 facta
410 1898 498 1927 non
516 1899 626 1938 esse,
648 1893 690 1928 et
713 1883 805 1928 fieri
821 1883 1033 1945 potuisse,
1064 1901 1194 1946 opera
1213 1901 1298 1929 esse
1321 1884 1495 1938 divina3
1517 1895 1565 1929 ut
1583 1900 1656 1929 au-

281 1961 367 1996 tem
392 1952 446 1996 sit
464 1952 600 1997 homo
619 1953 708 1998 sine
726 1964 906 2016 peccato
926 1990 937 2009 ,
967 1953 1017 1998 ad
1051 1971 1162 2017 opus
1181 1954 1316 2016 ipsius
1339 1954 1529 1999 hominis
1552 1971 1657 2016 per-

279 2022 413 2068 tinere
429 2060 440 2078 ‚
467 2023 600 2086 idque
624 2041 735 2087 opus
754 2041 842 2070 esse
864 2024 1080 2087 optimum
1096 2061 1107 2080 ‚
1135 2041 1225 2088 quo
1247 2026 1323 2070 fiat
1344 2024 1472 2088 plena
1493 2035 1533 2070 et
1550 2041 1655 2087 per-

279 2092 391 2138 fecta
409 2103 450 2138 et
474 2111 520 2139 ex
539 2096 658 2140 omni
687 2112 864 2157 prorsus
887 2105 1011 2158 parte
1043 2095 1242 2140 absoluta
1266 2095 1434 2154 justitia
1460 2112 1470 2139 ε
1496 2105 1537 2140 et
1560 2094 1657 2140 ideo

281 2180 366 2208 non
394 2180 479 2209 esse
502 2164 766 2210 credendum
786 2200 798 2219 ‚
829 2165 1044 2210 neminem
1073 2164 1141 2210 vel
1172 2163 1321 2220 fuisse,
1353 2165 1419 2211 vel
1441 2182 1527 2210 esse
1548 2202 1558 2220 ‚
1587 2164 1653 2211 vel

282 2232 372 2277 fore
388 2233 430 2277 in
455 2233 541 2278 hac
560 2233 646 2279 vita
671 2235 746 2297 qui
770 2235 856 2280 hoc
881 2251 991 2297 opus
1024 2234 1267 2298 impleverit
1288 2272 1298 2290 ‚
1329 2236 1363 2280 si
1400 2236 1454 2280 ab
1479 2234 1656 2280 homine

284 2301 455 2365 impleri
476 2314 630 2366 potest.
660 2305 744 2350 Sed
763 2305 951 2366 cogitare
969 2305 1098 2351 debes
1113 2342 1124 2361 ,
1147 2305 1344 2369 quamvis
1364 2305 1416 2351 ad
1437 2305 1657 2350 hominem

332 2401 341 2422 ¹
379 2413 390 2431 ι
419 2404 490 2433 Cor.
510 2413 561 2437 xv,
588 2414 640 2434 2¹2.
662 2422 706 2426 -—
728 2402 743 2425 ²
767 2403 883 2436 Matth.
909 2414 985 2446 xxx,
1019 2410 1074 2441 24.
1104 2423 1147 2429 —-
1170 2402 1184 2426 3
1211 2404 1260 2438 Id.
1280 2404 1440 2447 xxv1‚53.
1461 2421 1498 2427 —
1523 2400 1537 2425 ⁴
1557 2406 1654 2437 Deut.

286 2464 379 2492 xxm,
404 2456 433 2486 3.
452 2472 497 2479 -—-
519 2452 532 2475 5
546 2455 708 2491 Judic.11,
727 2459 757 2488 3.
