1763 2838
228 188 284 219 nr:
319 183 499 219 NATURA
531 183 586 215 ΕΤ
622 182 802 224 Gumis,
840 182 1015 214 CONTRA
1050 183 1290 218 PELAGmM.
1373 167 1468 230 547

98 249 348 310 diligentem
369 250 626 298 adhortetur
641 284 651 303 ,
677 258 907 299 conantem
935 246 1115 309 adjuvet
1130 287 1142 307 ‚
1169 248 1367 299 exaudiat
1390 246 1470 293 de-

98 332 376 383 precantem3
401 338 490 367 non
514 320 596 366 tibi
625 318 862 383 deputatur
887 316 941 364 ad
972 318 1149 382 culpam
1169 318 1292 383 quod
1309 317 1471 366 invitus

98 391 269 449 ignoras
284 430 295 449 ,
322 392 396 439 sed
413 385 535 457 quod
557 390 734 451 negligis
754 405 945 454 quaerere
968 389 1089 452 quod
1111 389 1307 455 ignoras3
1332 405 1472 452 neque

98 461 209 509 illud
228 463 348 527 quod
368 463 593 511 vulnerata
616 461 811 507 membra
838 477 925 510 non
948 459 1130 520 colligis,
1149 459 1224 506 sed
1246 458 1369 525 quod
1389 475 1471 505 vo-

98 531 257 578 lentem
275 551 424 580 sanare
440 533 694 579 contemnis.
722 552 743 574 »
761 532 829 576 Ita
847 540 889 576 et
908 530 1159 582 exhortatus
1176 527 1271 576 suni
1289 566 1301 585 ,
1326 546 1473 593 quan-

99 612 191 647 tum
210 604 355 666 potui,
382 604 436 650 ad
460 614 574 650 recte
596 601 833 653 vivendum
852 621 863 657 ;
889 611 930 646 et
947 601 1129 661 gratiam
1151 601 1231 646 Dei
1256 617 1346 646 non
1368 617 1473 646 eva-

98 673 223 717 cuavi
243 711 252 727 ,
281 675 369 719 sine
405 691 491 737 qua
516 684 671 719 natura
690 672 882 717 humana
906 674 995 730 jam
1016 671 1324 716 contenebrata
1344 680 1473 733 atque

96 742 245 788 vitiata
266 744 505 790 illuminari
526 761 614 789 non
648 752 790 806 potest
812 751 854 786 et
884 740 1025 786 sanari
1053 758 1065 785 :
1102 740 1156 785 de
1176 757 1264 807 qua
1301 757 1348 790 re
1371 755 1473 784 cum

96 813 187 858 istis
223 825 310 860 tota
336 816 520 862 vertitur
549 813 733 878 quaestio
752 850 762 867 ‚
791 829 844 860 ne
881 811 1062 871 gratiam
1102 811 1182 857 Dei
1205 827 1307 874 quae
1341 810 1472 856 estin

100 883 275 930 Christo
300 886 324 929 J
329 903 401 932 esu
420 885 608 931 Domino
628 894 774 930 nostro
793 920 803 939 ‚
826 898 1025 946 perversa
1039 891 1206 927 naturae
1227 880 1472 926 defensione

94 951 364 1003 frustremus,
397 960 463 1002 De
485 972 572 1019 qua
598 965 752 1000 natura
771 953 874 1002 item
889 951 1021 1016 paulo
1046 962 1143 1015 post
1162 951 1248 997 dixi
1267 969 1277 996 ε
1296 951 1473 996 «Etiam

95 1024 234 1087 ipsam
268 1038 469 1075 naturam
505 1026 626 1072 aliter
649 1025 863 1081 dicimus,
898 1040 999 1070 cum
1026 1023 1202 1087 proprie
1222 1022 1469 1087 loquimur,

96 1106 297 1142 naturam
322 1097 512 1146 hominis
535 1096 581 1143 in
607 1113 694 1160 qua
710 1095 902 1159 primum
926 1094 970 1145 in
992 1110 1070 1139 suo
1095 1111 1248 1154 genere
1264 1093 1472 1156 inculpa-

96 1164 197 1211 bilis
231 1167 370 1214 factus
395 1178 482 1222 est3
519 1167 640 1214 aliter
672 1167 827 1221 istam,
864 1165 910 1215 in
943 1181 1029 1229 qua
1058 1182 1106 1210 ex
1140 1164 1254 1211 illius
1277 1162 1472 1210 damnati

96 1251 231 1298 poena
269 1248 310 1285 et
334 1237 472 1297 ignari
506 1248 547 1282 et
574 1237 695 1282 carni
725 1235 890 1285 subditi
927 1235 1171 1288 nascimur,
1194 1238 1318 1294 juxta
1341 1250 1471 1297 quem

97 1305 278 1352 modum
305 1307 413 1354 dicit
435 1307 667 1371 Apostolus
686 1325 696 1351 z
722 1328 741 1347 α
762 1305 939 1358 Fuimus
962 1305 1075 1350 enim
1098 1314 1140 1349 et
1162 1320 1238 1349 nos
1258 1301 1471 1349 naturali-

98 1401 118 1418 »
140 1387 204 1422 ter
219 1378 299 1423 filii
324 1379 418 1434 irae,
449 1378 560 1424 sicut
578 1389 618 1423 et
635 1378 783 1425 caeteri
802 1376 833 1423 1.
861 1398 880 1418 >³

163 1448 389 1495 LXXXII.
429 1448 476 1494 Si
511 1465 610 1508 ergo
634 1447 835 1497 volumus
859 1468 878 1488 «
901 1447 1077 1499 Animos
1105 1445 1158 1492 ad
1182 1456 1295 1492 recte
1319 1445 1473 1492 viven-

98 1516 203 1563 dum
232 1517 413 1578 frigidos
438 1529 479 1564 et
504 1519 650 1582 pigros
695 1517 943 1565 christianis
970 1516 1341 1564 exhortationibus
1359 1516 1477 1563 exci-

99 1598 188 1632 tare
216 1599 257 1633 et
282 1588 518 1635 accendere
536 1610 547 1643 ;
568 1611 588 1631 »
612 1588 817 1653 primitus
834 1588 1111 1634 exhortemur
1135 1588 1188 1634 ad
1209 1587 1365 1645 fidem,
1391 1603 1477 1652 qua

100 1658 341 1709 Christiani
363 1661 497 1715 fiant,
531 1670 572 1705 et
607 1662 698 1719 ejus
732 1658 898 1705 nomini
927 1658 1244 1720 subjiciantur,
1273 1658 1363 1705 sine
1387 1675 1476 1722 quo

99 1727 206 1773 salvi
224 1746 309 1775 esse
339 1747 427 1775 non
452 1740 648 1794 possunt.
671 1729 717 1775 Si
742 1739 883 1775 autem
902 1731 994 1788 jam
1022 1729 1260 1777 Christiani
1278 1739 1378 1780 sunt
1401 1767 1413 1788 ,
1435 1740 1478 1775 et

98 1809 213 1844 recte
236 1800 378 1846 vive-re
401 1800 652 1861 negligunt3
689 1799 971 1846 verberentur
1001 1799 1264 1855 terroribus,
1290 1810 1332 1845 et
1358 1815 1478 1863 prae-

99 1869 287 1916 miorum
313 1871 519 1917 laudibus
545 1871 766 1930 erigantur
790 1887 800 1914 :
830 1870 890 1915 ita
913 1886 1012 1915 sane
1033 1906 1044 1925 ,
1068 1881 1116 1915 ut
1144 1886 1233 1916 non
1253 1869 1394 1916 solum
1421 1870 1476 1916 ad

99 1939 237 1986 bonas
259 1942 465 1997 actiones,
491 1958 643 1988 verum
662 1942 791 1986 etiam
817 1940 870 1986 ad
890 1940 984 2003 pias
1002 1941 1215 1987 orationes
1233 1957 1303 1987 eos
1327 1940 1480 1989 exhor-

100 2010 182 2055 tari
200 2012 541 2067 meminerimus,
565 2021 693 2075 atque
709 2010 794 2056 hac
817 2011 1026 2056 instruere
1043 2013 1225 2058 sanitate
1242 2011 1473 2071 doctrinae,

101 2090 151 2125 ut
175 2091 216 2126 et
240 2081 361 2127 illinc
392 2083 548 2142 gratias
575 2092 731 2142 agant,
758 2097 858 2126 cum
881 2081 1146 2129 instituerint
1168 2083 1280 2129 bene
1301 2083 1443 2130 vivere
1461 2122 1472 2142 ‚

101 2150 223 2214 quod
250 2152 414 2216 aliquid
442 2154 529 2198 sine
555 2152 811 2198 difficultate
839 2151 1048 2208 fecerint3
1075 2164 1116 2198 et
1138 2154 1214 2199 ubi
1237 2153 1477 2200 difficulta-

105 2230 187 2266 tem
211 2221 400 2285 aliquam
436 2223 656 2276 sentiunt,
684 2221 941 2267 fidelissimis
968 2233 1010 2268 et
1044 2225 1475 2286 perseverantissimis

101 2291 307 2352 precibus
331 2303 371 2337 et
403 2292 709 2338 misericordiae
742 2291 957 2354 promptis
986 2294 1192 2356 operibus
1221 2293 1473 2340 facilitatem

103 2378 126 2405 a
153 2362 338 2408 Domino
357 2363 589 2426 impetrare
612 2362 854 2426 persistant.
889 2363 960 2407 Sic
992 2375 1133 2408 autem
1159 2366 1434 2427 proficientes
1458 2403 1468 2421 ,

102 2431 180 2476 ubi
203 2442 242 2477 et
269 2432 445 2495 quando
460 2432 706 2497 plenissima
721 2432 888 2494 justitia
908 2433 1209 2496 perficiantur,
1236 2453 1325 2482 non
1345 2437 1474 2483 nimis

154 2512 290 2557 ¹Ephe5.
309 2525 346 2553 11,
369 2516 397 2548 3.

1269 2570 1344 2620 35.
