1763 2838
245 71 337 129 [588
642 87 676 115 s.
722 85 961 115 Aixclis'rim
1000 85 1213 115 EPISCOPI.

244 154 365 198 nium
382 151 433 196 de
453 161 620 196 naturae
640 149 844 194 humanae
862 150 1113 194 infirmitate
1131 149 1411 212 perquirunt3
1442 158 1558 194 tanto
1573 158 1613 193 et

247 222 383 267 multo
403 220 644 266 ardentiore
665 219 754 264 zelo
780 235 856 263 nos
892 229 1065 280 oportet
1089 218 1283 273 accendi,
1306 236 1358 263 ne
1384 229 1614 264 evacuetur

247 308 351 337 crux
376 290 555 335 Christi.
599 290 846 334 livacuatui·
870 298 1032 338 autem,
1061 287 1094 332 si
1132 288 1276 350 aliquo
1302 287 1430 333 niodo
1458 298 1616 351 praeter

246 363 361 410 illius
398 369 711 406 sacramentum
734 359 786 404 ad
808 358 1020 417 justitiam
1041 358 1263 419 vitamque
1288 369 1490 403 aeternam
1513 374 1618 420 per-

247 433 383 479 veniri
397 448 517 494 posse
532 430 730 474 dicatur:
751 427 867 491 quod
885 428 929 472 in
944 427 1058 472 libro
1076 427 1155 471 isto
1177 426 1331 485 agitur,
1359 427 1460 471 nolo
1477 426 1619 472 dicere

251 505 305 549 ab
320 502 495 553 sciente,
526 517 577 545 ne
602 500 724 545 illum
749 499 824 562 qui
854 515 951 543 eum
981 497 1175 559 scripsit,
1220 514 1272 542 ne
1320 497 1618 542 Christianum

258 572 435 636 quidem
485 569 739 615 habendum
780 569 998 628 judicem3
1035 567 1105 612 sed
1136 566 1250 630 quod
1275 567 1407 626 magis
1427 566 1573 622 credo,
1601 583 1624 611 a

254 643 501 689 nesciente:
547 641 711 699 magnis
761 657 859 685 sane
903 638 1097 690 viribus;
1127 637 1195 683 sed
1235 655 1302 683 eas
1340 655 1460 685 sanas
1492 637 1618 694 volo,

254 731 339 760 non
366 712 512 775 quales
544 710 787 773 phrenetici
810 709 970 754 habere
991 718 1264 753 consuerunt.

266 817 268 819 -
319 784 441 829 Vlll.
474 783 583 827 Nam
605 781 727 842 prius
745 779 1000 837 distinguit,
1033 799 1052 818 «
1075 777 1205 824 Aliud
1226 794 1310 823 esse
1330 793 1546 840 quaerere,
1573 794 1626 822 an

256 850 582 919 possitZaliqnid
606 867 690 895 esse
707 885 720 905 ‚
749 849 869 912 quod
899 848 953 893 ad
978 848 1109 893 solam
1132 847 1460 910 possibilitatem
1486 848 1626 910 perti-

257 936 357 977 net3
385 921 532 976 aliud,
562 930 792 965 utrum-ne
825 918 891 964 sit.
921 939 939 959 ›>
974 918 1100 962 Hane
1137 917 1456 962 distinctionem
1483 934 1627 962 veram

259 1012 344 1043 esse
365 1009 491 1039 nemo
517 990 700 1049 ambigit
727 1007 737 1034 ε
773 1004 1037 1051 consequens
1061 987 1173 1032 enim
1198 998 1284 1043 est,
1323 999 1370 1032 ut
1395 986 1514 1050 quod
1537 997 1624 1044 est,

261 1062 593 1128 esse'jspotuerin
629 1077 717 1105 non
755 1069 817 1104 est
850 1069 990 1103 autem
1025 1074 1313 1120 consequens,
1338 1068 1385 1102 ut
1407 1057 1526 1120 quod
1545 1073 1631 1103 esse

262 1144 422 1199 potest,
440 1132 567 1177 etiam
584 1131 650 1176 sit.
673 1130 787 1185 Quia
806 1129 917 1174 enim
935 1127 1147 1173 Dominus
1163 1129 1374 1172 Lazarum
1392 1128 1627 1183 suscitavit,

264 1206 352 1251 sine
385 1202 523 1248 dubio
556 1199 727 1263 potuit1
760 1216 770 1244 ε
808 1199 911 1261 quia
942 1214 1043 1244 vero
1077 1197 1234 1242 Judam
1270 1215 1357 1242 non
1380 1198 1628 1254 suscitavit,

264 1272 480 1335 numquid
498 1270 730 1315 dicendum
748 1279 809 1314 est
822 1305 832 1323 ‚
856 1285 942 1313 non
962 1269 1132 1330 potuit?
1155 1268 1304 1312 Potuit
1321 1285 1418 1327 ergo
1437 1305 1448 1324 ,
1470 1268 1541 1313 sed
1558 1285 1631 1314 no-

266 1343 350 1390 luit
372 1342 486 1404 (17).
529 1341 635 1384 Nam
661 1339 693 1382 si
716 1338 946 1392 voluisset,
979 1336 1126 1381 eadem
1155 1337 1281 1380 etiam
1316 1337 1401 1382 hoc
1427 1347 1635 1399 potestate

266 1412 455 1464 fecisset3
485 1408 587 1471 quia
604 1418 646 1452 et
670 1407 798 1452 Filius
821 1423 928 1468 quos
947 1406 1038 1450 vult
1064 1406 1300 1452 vivificat2.
1332 1406 1414 1452 Sed
1439 1407 1523 1452 hac
1543 1406 1635 1452 dis-

268 1482 475 1530 tinctione
494 1496 590 1524 vera
608 1488 736 1540 atque
754 1475 975 1522 manifesta
991 1493 1079 1539 quo
1102 1476 1247 1521 tendat
1264 1513 1273 1531 ,
1293 1477 1454 1539 etquid
1472 1476 1637 1523 efficere

270 1563 451 1602 conetur
468 1587 479 1607 ,
519 1548 726 1594 advertite
749 1565 759 1592 ι
787 1569 805 1587 «
830 1549 942 1602 Nos„
969 1547 1132 1609 inquit,
1160 1545 1212 1591 de
1235 1546 1322 1591 sola
1356 1548 1638 1609 possibilitate

273 1633 531 1683 tractamus3
571 1619 623 1664 de
650 1635 735 1681 qua
764 1619 844 1663 nisi
879 1618 982 1680 quid
1012 1627 1176 1662 certum
1207 1618 1470 1673 constiterit,
1496 1628 1638 1663 trans-

273 1693 393 1754 gredi
423 1691 476 1736 ad
510 1689 627 1734 aliud
646 1726 656 1744 ‚
688 1688 985 1748 gravissimum
1025 1704 1110 1732 esse
1141 1697 1268 1749 atque
1297 1697 1412 1732 extra
1443 1687 1638 1733 ordinem

273 1764 488 1810 ducimus.
510 1782 529 1800 »
553 1760 648 1803 Hoc
667 1768 805 1802 versat
827 1757 971 1801 multis
993 1757 1132 1801 modis
1148 1768 1393 1802 etsermone
1410 1757 1635 1813 diuturno,

275 1851 328 1880 ne
351 1831 448 1894 quis
471 1846 569 1874 eum
597 1827 712 1872 aliud
731 1864 740 1880 ‚
774 1843 907 1888 quam
926 1826 979 1871 de
1004 1843 1090 1871 non
1115 1826 1325 1888 peccandi
1355 1828 1640 1889 possibilitate

274 1917 464 1966 quaerere
478 1898 697 1943 existimet.
723 1896 847 1941 Unde
865 1896 974 1941 inter
989 1895 1125 1940 multa
1143 1897 1302 1957 quibus
1316 1896 1359 1941 id
1382 1897 1489 1955 agit,
1511 1899 1638 1943 etiam

273 1975 361 2020 hoc
384 1970 526 2016 dicit:
550 1989 567 2007 «
596 1967 714 2011 Idem
745 1966 898 2011 iterum
930 1976 1076 2029 repeto
1108 1984 1118 2010 ι
1160 1968 1248 2025 Ego
1281 1966 1379 2011 dico
1411 1984 1533 2029 posse
1556 1984 1641 2013 esse

275 2042 495 2088 hominem
527 2038 615 2082 sine
647 2046 842 2098 peccato.
885 2037 951 2080 Tu
985 2035 1089 2097 quid
1124 2035 1259 2081 dieis?
1290 2037 1382 2081 Non
1410 2054 1532 2099 posse
1556 2054 1641 2082 esse

275 2111 496 2157 hominem
521 2108 608 2152 sine
632 2109 839 2168 peccato?
871 2106 1017 2167 Neque
1043 2122 1119 2164 ego
1144 2105 1242 2149 dico
1262 2142 1272 2159 ‚
1299 2105 1468 2168 inquit,
1493 2106 1642 2152 homi-

276 2199 372 2227 nem
398 2195 482 2224 esse
500 2178 587 2222 sine
610 2186 788 2238 peccato
809 2212 818 2229 ‚
848 2192 985 2238 neque
1010 2186 1053 2220 tu
1074 2175 1179 2220 dicis
1203 2192 1286 2219 non
1310 2193 1392 2221 esse
1420 2177 1640 2222 hominem

275 2254 363 2297 sine
386 2259 566 2312 peccato
591 2265 600 2291 ε
629 2247 681 2291 de
702 2263 822 2308 posse
854 2256 895 2289 et
915 2263 998 2290 non
1024 2262 1146 2307 posse
1164 2282 1174 2300 ,
1203 2262 1290 2289 non
1326 2245 1465 2292 deesse
1491 2258 1531 2292 et
1557 2264 1642 2292 non

276 2338 360 2367 esse
379 2318 692 2365 contendimus.
719 2338 736 2357 »
765 2316 930 2361 Deinde
946 2315 1151 2361 nonnulla
1173 2332 1317 2360 eorum
1341 2352 1351 2371 ,
1374 2334 1475 2379 quae
1492 2317 1642 2363 adver-

329 2404 335 2423 ¹
356 2405 437 2432 Jonn
469 2412 512 2437 xi,
535 2406 583 2435 ’.4.
601 2417 641 2422 -
658 2397 670 2419 ‘2
692 2399 734 2429 id.
756 2411 784 2437 v,
807 2409 862 2430 21,
