1763 2838
269 146 360 192 286
692 158 726 186 s.
771 156 1011 187 Aucusrim
1047 155 1249 189 Emscom

272 225 461 289 cuipiam
483 221 782 288 persuadeant.
809 220 899 284 Ipsi
924 222 1087 286 quippe
1103 234 1151 268 ut
1166 224 1251 269 hoc
1271 223 1488 281 timerent,
1511 221 1643 274 alicu-

267 302 337 358 jus
357 295 528 342 alterius
545 294 765 339 sententiaa
783 292 1056 355 praejudicio,
1074 294 1307 350 nisifidlor,
1326 295 1638 358 impulsisunt:

272 386 321 414 ae
342 379 571 431 propterea
605 382 706 410 cum
741 364 901 409 remitti
928 363 1149 426 baptizato
1189 377 1366 428 peccata
1407 364 1642 413 necessario

268 440 528 492 lateremus,
557 453 635 481 nec
666 434 787 480 fateri
813 434 969 479 vellent
994 452 1038 479 cx
1066 434 1204 480 Adam
1234 436 1416 481 ductum
1443 453 1528 482 esse
1544 455 1643 501 pec-

271 520 413 555 catum
433 545 443 564 ‚
481 505 601 571 quod
629 505 787 551 remitti
811 504 1329 561 fatebanturinfantibus,
1353 507 1489 570 ipsam
1507 507 1644 556 infan-

270 581 375 627 tiam
394 577 533 623 coacti
547 588 646 622 sunt
668 593 866 622 accusare
890 593 899 620 :
940 575 1061 638 quasi
1087 586 1312 621 accusator
1332 577 1527 623 infantiae
1555 578 1642 623 hoc

271 650 459 697 securior
492 649 633 700 fieret,
659 663 745 709 quo
779 657 1003 691 aecusatus
1032 645 1070 692 ei
1092 647 1350 710 respondere
1367 664 1453 693 non
1479 659 1634 712 posset.

272 721 356 768 Sed
382 721 508 775 istos',
535 730 582 763 ut
613 717 720 771 dixi,
749 717 998 761 omittamus
1020 753 1030 772 ,
1054 734 1191 780 neque
1214 719 1326 763 enim
1360 735 1553 764 sermone
1574 719 1642 767 vel

271 790 543 838 documentis
562 805 671 851 opus
688 798 767 842 est,
785 787 945 850 quibus
977 787 1223 833 innocentia
1249 789 1458 851 probetur
1493 789 1642 835 infan—

270 874 361 908 tum
383 899 393 918 ‚
416 870 627 924 quantum
654 857 708 902 ad
748 874 896 902 eorum
934 859 1120 921 pertinet
1146 859 1297 913 vitam,
1325 876 1455 923 quam
1482 860 1642 906 recenti

270 945 368 979 ortu
388 933 432 978 in
452 949 492 976 se
512 930 615 993 ipsis
634 939 782 988 agunt,
795 929 926 973 sicam
939 945 1025 973 non
1042 930 1388 988 agnoscitsensus
1403 930 1637 987 humanus,

268 1004 398 1050 nullis
412 999 684 1048 adminiculis
703 1002 955 1062 cujusquam
978 999 1281 1061 disputationis
1305 1000 1490 1060 adjutus.

334 1074 503 1119 Xxltt.
542 1070 626 1117 Sed
658 1069 721 1114 illi
745 1079 946 1125 movent,
977 1080 1018 1114 et
1044 1069 1209 1132 aliquid
1232 1069 1574 1117 consideratione
1593 1089 1641 1117 ac

269 1145 530 1191 discussione
557 1141 737 1199 dignum
761 1140 965 1185 videntur
985 1141 1149 1195 afferre,
1171 1141 1245 1202 qui
1265 1140 1418 1186 dicunt
1437 1137 1641 1204 paruulos

269 1215 429 1263 recenti
451 1215 539 1261 vita
560 1212 698 1258 editos
716 1209 954 1256 visceribus
975 1221 1179 1258 matrum.
1201 1228 1286 1256 non
1304 1222 1485 1274 propter
1497 1212 1640 1259 remit--

269 1287 447 1333 tendum
469 1294 697 1349 peccatum
722 1281 944 1344 percipere
964 1281 1231 1343 baptismum
1246 1280 1281 1337 4,
1303 1282 1375 1327 sed
1400 1282 1640 1347 utspirita-

267 1359 350 1404 lem
368 1355 713 1422 procreationem
739 1369 825 1397 11011
856 1351 1064 1397 habentes
1089 1363 1287 1397 creentur
1304 1353 1347 1397 in
1368 1348 1571 1409 Christo„
1599 1365 1640 1399 et

269 1429 405 1491 ipsius
424 1425 543 1485 regni
566 1423 777 1469 coelorum
804 1422 1038 1486 participes
1065 1423 1196 1477 fiant,
1230 1422 1381 1467 eodem
1415 1423 1546 1468 modo
1562 1423 1641 1469 filii

267 1509 309 1544 et
328 1496 521 1543 haeredes
541 1494 636 1549 Dei,
657 1492 905 1538 coharedes
927 1504 1067 1537 autem
1086 1493 1262 1539 Christi.
1277 1495 1308 1538 A
1323 1494 1637 1556 quibustamen

266 1585 365 1614 cum
387 1565 617 1631 quaeritur,
650 1573 796 1608 utrum
822 1579 908 1607 non
928 1563 1137 1626 baptizati
1160 1573 1200 1608 et
1218 1581 1304 1608 non
1321 1564 1459 1610 effecti
1486 1565 1638 1610 cohae-

264 1639 385 1684 redes
406 1636 571 1682 Christi
585 1672 595 1685 ,
616 1633 820 1696 regnique
840 1633 1051 1678 coelorum
1070 1634 1321 1697 participes,
1347 1635 1538 1680 habeant
1555 1636 1637 1682 sal-

266 1720 350 1754 tem
375 1707 635 1753 beneficium
663 1705 810 1750 salutis
839 1714 1013 1749 aeternoe
1036 1704 1079 1749 in
1106 1705 1413 1750 resurrectione
1437 1717 1638 1752 mortuo-

265 1797 391 1835 rum,
419 1775 933 1826 laborantvehementer,
964 1792 1040 1819 nec
1069 1775 1226 1819 exitum
1253 1775 1494 1822 inveniunt.
1529 1777 1639 1832 Quis

265 1851 378 1896 enim
400 1847 747 1894 christianorum
774 1845 896 1899 ferat,
923 1861 1021 1889 cum
1046 1844 1207 1889 dicitur
1226 1845 1278 1889 ad
1300 1856 1502 1890 aeternam
1525 1847 1637 1892 salu-

264 1930 349 1966 tem
383 1936 505 1983 posse
543 1932 804 1980 quemquam
848 1915 1095 1977 pervenire,
1137 1915 1281 1960 sinon
1315 1927 1565 1961 renascatur
1592 1917 1633 1962 in

265 1991 442 2037 Christo
459 2027 468 2045 ‚
497 1988 614 2052 quod
639 2004 717 2050 per
740 1987 1004 2049 baptismum
1038 1986 1130 2030 fieri
1155 1986 1308 2032 voluit.
1337 2004 1385 2031 eo
1404 1990 1496 2046 jam
1528 1997 1634 2033 tem-

265 2079 369 2126 pore
396 2077 482 2123 quo
516 2058 599 2103 tale
625 2067 942 2102 sacramentum
970 2056 1319 2102 constituendum
1345 2057 1428 2102 fuit
1459 2075 1635 2117 regene-

266 2131 413 2177 randis
433 2131 475 2176 in
500 2145 619 2192 spem
653 2125 801 2171 salutis
831 2130 1034 2171 anemae?
1067 2127 1189 2171 Unde
1226 2127 1329 2172 dicit
1369 2125 1631 2190 Apostolus,

263 2226 282 2245 «
303 2204 399 2247 Non
424 2219 468 2245 ex
494 2198 892 2262 operibusjustitiae
919 2214 1017 2260 quie
1039 2214 1115 2242 nos
1139 2197 1317 2243 fecimus
1336 2235 1345 2253 ‚
1377 2197 1449 2243 sed
1479 2215 1635 2244 secun-

263 2296 282 2315 »
303 2274 409 2318 dum
434 2288 551 2317 suam
576 2267 916 2314 misericordiam
936 2266 1073 2312 salvos
1094 2285 1169 2313 nos
1197 2268 1390 2331 fecitper
1414 2268 1634 2314 lavacrum

262 2367 281 2387 »
302 2340 680 2403 regenerationis2.
704 2363 722 2380 >2
749 2341 891 2395 Quam
932 2349 1075 2383 tamen
1113 2338 1291 2384 salutem
1327 2339 1371 2384 in
1407 2356 1482 2402 spe
1525 2339 1634 2385 dicit

306 2445 316 2466 1
340 2442 419 2474 Vide
440 2441 521 2472 infra
538 2451 565 2474 c.
594 2450 647 2473 πο,
667 2445 697 2470 et
718 2439 774 2472 lib.
805 2438 843 2470 de
860 2444 989 2483 peccato
1008 2438 1087 2480 orig.
1116 2449 1142 2472 c.
1167 2441 1281 2474 18-21.
1311 2446 1341 2471 et
1362 2442 1462 2474 Sernl.
1491 2447 1568 2484 294.
1590 2460 1634 2467 —

254 2500 269 2524 2
285 2497 351 2532 Tit.
373 2506 428 2535 111,
448 2497 479 2528 5.
