1763 2838
261 186 535 220 BREVICULUS
570 184 864 217 COLLATIONIS
900 166 1307 219 cuiil‘DoNATlsTls.
1418 189 1476 236 '2¹9

100 253 300 310 tholieis,
328 265 376 300 ut
396 253 463 300 vel
482 253 564 300 alia
589 253 773 299 concilia
791 252 1224 317 proferrentantiqua
1245 253 1476 317 episcopo-

101 343 198 373 rum
216 363 228 383 ,
250 327 327 372 ubi
349 324 624 372 ostenderent
647 325 841 371 consules
858 335 899 370 et
922 325 1010 370 dies
1032 325 1160 370 etiam
1179 326 1473 389 conscriptos,

102 398 170 446 vel
193 397 247 443 de
272 398 376 461 ipsis
390 398 548 443 sanctis
565 397 802 460 Scripturis
825 396 904 442 tale
928 396 1090 459 aliquid
1116 396 1360 442 recitarent.
1393 397 1481 442 Uhi

106 468 327 516 Catholici
350 485 449 514 cum
475 468 670 514 viderent
694 468 746 513 de
772 485 816 513 re
835 467 1081 512 inanissima
1102 484 1242 512 moras
1266 468 1484 513 mirabiles

105 550 147 584 et
163 538 485 602 inexplicabiles
499 539 716 602 interponi
731 576 741 595 ,
771 539 787 601 (
803 537 900 601 quis
913 538 1026 582 enim
1046 555 1115 583 eos
1132 538 1238 584 hinc
1255 537 1480 584 falsitatem

106 608 299 654 crederet
327 610 574 668 objecturos
592 647 602 665 ‚
627 610 705 655 ubi
726 608 778 654 ad
803 612 1007 667 majorem
1027 608 1291 667 diligentiam
1318 619 1484 672 tempo-

105 695 204 724 rum
240 680 455 725 attestatio
489 690 728 743 praenotata
767 678 994 738 legeretur,
1033 696 1085 724 ne
1122 678 1231 724 forte
1265 697 1341 742 per
1370 680 1484 724 hanc

107 759 212 794 esset
237 748 472 813 aliquando
496 750 730 796 necessaria
758 749 977 809 indagatio
1008 749 1224 795 veritatis?
1249 750 1357 805 Quis
1388 766 1488 808 ergo

108 838 179 866 eos
203 821 396 867 crederet
419 823 506 868 hoc
525 823 772 882 objecturos
788 860 798 878 ‚
822 833 869 867 ut
890 832 1158 885 praepararet
1182 822 1359 885 antiqua
1382 839 1492 867 con-

109 891 211 937 cilia
231 929 241 946 ‚
288 893 450 955 quibus
483 893 599 938 hanc
643 893 999 940 consuetudinem
1043 893 1382 938 demonstraret?
1419 903 1491 937 aut

110 962 206 1025 quis
232 973 336 1008 tunc
352 963 433 1008 iret
449 974 490 1008 01
510 975 673 1009 vetusta
691 965 979 1009 ecelesiastica
1001 964 1177 1009 archiva
1196 963 1487 1025 revolverem)

112 1049 213 1078 cum
247 1033 334 1079 1100
366 1034 564 1079 viderent
590 1035 840 1088 Catholici,
869 1046 910 1080 et
944 1035 988 1079 in
1025 1034 1283 1079 Melchiadis
1306 1033 1493 1077 coneilio

112 1101 228 1148 diem
265 1114 307 1148 et
345 1104 567 1149 consulem
606 1104 966 1149 demonstrabant
982 1141 992 1153 ,
1036 1114 1077 1148 01
1112 1104 1164 1147 (10
1197 1104 1300 1165 ipsis
1338 1103 1496 1147 sanctis

115 1173 352 1235 Scripturis
369 1185 821 1219 commemoraverunt
844 1175 1088 1237 Prophetas
1108 1173 1270 1218 indicia
1291 1173 1500 1237 antiquis-

116 1243 324 1288 simorum
348 1254 595 1306 temporum
622 1246 708 1289 suis
729 1245 882 1289 litteris
900 1255 1162 1307 praJnotasse
1178 1282 1188 1299 ,
1207 1255 1343 1307 quoto
1358 1261 1470 1289 anno
1485 1280 1496 1300 ‚

118 1317 330 1376 cujusque
350 1332 492 1368 mense
517 1317 783 1379 anni‚quoto
799 1316 867 1361 (110
893 1317 1049 1361 mensis
1065 1316 1228 1361 sactum
1246 1327 1349 1361 esset
1374 1333 1502 1378 super

119 1401 189 1430 eos
212 1385 395 1430 verbum
418 1386 608 1432 Domini.
637 1388 848 1446 Cognitor
872 1398 1012 1432 autem
1040 1386 1148 1431 illud
1168 1386 1220 1431 de
1243 1387 1311 1431 die
1329 1398 1370 1432 et
1395 1404 1503 1432 con—

121 1455 211 1500 sule
234 1455 836 1514 objectumcontemnendum
857 1468 895 1503 01
919 1456 1226 1502 removendum
1243 1458 1503 1514 existimans,

118 1525 246 1584 J'ussit
270 1537 385 1585 gesta
411 1527 529 1589 apud
559 1527 851 1572 Melchiadem
876 1527 1029 1572 hahita
1050 1538 1203 1572 caetera
1225 1528 1395 1572 recitari
1425 1546 1434 1571 :
1464 1538 1504 1571 01

124 1595 304 1640 recitata
332 1607 447 1642 sunt.
480 1597 653 1652 Quibus
679 1598 884 1660 apparuit
907 1598 1102 1642 omnium
1128 1599 1202 1660 qui
1226 1608 1328 1642 tunc
1352 1616 1506 1643 conse-

126 1664 280 1710 derant
308 1666 617 1729 episcoporum
639 1668 859 1712 sententiis
875 1678 916 1712 et
935 1668 1070 1730 ipsius
1096 1668 1375 1723 Melchiadis„
1405 1672 1508 1714 tlat-

127 1735 335 1781 cilianum
374 1736 623 1782 absolutum
660 1748 788 1801 atque
825 1748 1063 1800 purgatum
1102 1755 1112 1782 :
1149 1739 1369 1784 Donatum
1411 1758 1509 1784 vero

130 1805 384 1852 damnatum
402 1844 413 1860 ‚
439 1808 513 1870 qui
536 1825 725 1870 praesens
750 1809 793 1853 in
821 1808 961 1871 prima
982 1808 1122 1854 fuerat
1145 1810 1311 1855 actione
1328 1812 1510 1856 com-ic-

130 1885 199 1921 tus
218 1895 229 1929 3
249 1875 319 1921 ille
337 1876 500 1922 scilicet
516 1879 713 1924 Donatus
738 1896 759 1924 a
778 1878 896 1924 Casis
924 1879 1056 1938 nigris
1074 1916 1084 1935 ‚
1101 1896 1230 1942 quem
1257 1893 1513 1943 praesentem

130 1943 261 1990 fuisse
290 1956 394 1991 tunc
419 1948 626 1994 constitit.

200 2017 387 2063 mxli.
434 2017 518 2063 Sed
553 2019 638 2064 hoc
670 2018 875 2072 recitato,
903 2035 1001 2064 cum
1025 2030 1293 2082 quaereretur
1317 2040 1340 2067 a
1370 2023 1519 2069 Dona-

136 2087 246 2132 tistis
268 2086 378 2151 quid
402 2088 712 2152 responderent
734 2089 785 2133 ad
822 2088 931 2134 illud
957 2089 1151 2134 Cirtense
1176 2091 1436 2149 concilium,
1469 2112 1517 2138 00

137 2158 381 2213 redierunt,
399 2171 605 2205 conantes
617 2160 771 2205 falsum
789 2177 875 2204 0550
887 2170 1138 2205 monstrare.
1165 2161 1519 2209 Τ11111(11;101’111111

143 2241 335 2292 tempore
360 2232 669 2292 persecutionis
688 2231 941 2290 congregari
956 2248 1042 2276 non
1061 2230 1249 2293 potuisse
1266 2235 1515 2283 concilium.

144 2301 275 2357 Quod
300 2300 509 2360 Cognitor
533 2319 620 2347 non
644 2302 932 2364 contempsit,
956 2312 997 2346 et
1032 2301 1225 2347 validum
1253 2305 1495 2352 existimans
1511 2347 1520 2363 ‚

146 2388 169 2416 a
203 2370 444 2416 Catholicis
488 2372 814 2436 responsionem
855 2371 1085 2435 poposcit3
1125 2382 1251 2434 atque
1284 2374 1395 2420 inter
1428 2378 1525 2425 11100

147 2441 375 2504 quaesivit,
412 2441 527 2487 unde
557 2443 819 2507 probaretur
844 2454 1017 2506 tenipus
1046 2440 1177 2488 fuisse
1198 2447 1521 2506 persecutionis.

198 2521 209 2544 ¹
228 2523 320 2552 Forte
335 2527 369 2554 ut
382 2521 556 2556 diceretur.
