1763 2838
271 153 363 209 440
681 164 716 193 s.
762 162 1002 194 AEGUSTINI
1039 165 1240 196 EPISCOPI

266 249 354 277 non
379 239 581 293 poterant
615 227 834 274 intendere
859 228 932 274 filii
967 230 1098 276 lsrael
1120 249 1255 296 usque
1277 232 1321 277 in
1343 232 1471 276 finem
1497 232 1644 277 vultus

273 301 430 363 Moysi,
459 313 499 345 et
534 299 629 344 ideo
655 299 711 343 eis
748 316 823 361 per
858 299 1000 344 velum
1021 300 1295 364 loquebatur.
1321 303 1404 347 hoc
1432 303 1644 361 significat

267 370 526 436 quialittera
550 368 650 428 legis
669 369 880 413 neminem
897 370 1130 427 justificat,
1152 372 1222 416 sed
1242 372 1430 417 velamen
1454 373 1644 434 positum

267 452 329 487 est
351 442 396 486 in
422 439 616 485 'lectione
640 438 801 484 Veteris
842 440 1122 495 Testamenti,
1167 441 1305 486 donec
1344 442 1397 486 ad
1419 443 1645 487 Christum

266 521 523 565 transeatur,
563 520 604 555 et
642 507 860 554 auferatur
888 509 1106 565 velamen,
1135 511 1178 556 id
1203 522 1292 567 est,
1316 523 1555 557 transeatur
1591 512 1646 557 ad

263 581 463 640 gratiam,
489 591 529 625 et
547 579 811 638 intelligatur
833 580 888 625 ab
912 580 1006 642 ipso
1027 581 1151 626 nobis
1168 599 1253 627 esse
1268 582 1641 641 justificationem,

263 668 349 714 qua
367 650 575 695 faciamus
599 649 718 712 quod
738 648 892 716 Νὺξ-ᾗ
912 650 1000 705 Qui
1026 653 1410 713 proptereaju13et,
1435 652 1538 707 utin
1566 669 1644 696 no-

262 721 330 766 bis
349 720 597 767 deficientes
633 719 685 764 ad
706 719 829 765 illum
851 719 1164 779 confugiamus.
1199 720 1301 765 Ideo
1326 721 1647 780 vigilantissime

264 808 363 837 cum
383 790 553 836 dixisset
576 807 587 834 ι
616 811 635 830 «
660 790 979 835 Confidentiam
1006 790 1130 835 talem
1161 791 1463 853 habeinnsper
1495 791 1646 835 (Ihris-

264 882 284 903 >³
306 872 398 906 tum
425 860 478 905 ad
504 862 641 905 Deum
661 859 698 914 ¹1,
726 881 746 901 ›>
787 877 839 904 ne
863 860 1015 904 nostris
1035 860 1121 906 hoc
1150 862 1315 906 viribus
1356 862 1645 915 tribueretur,

262 932 471 978 continuo
512 930 836 976 commendavit
885 930 999 976 unde
1046 932 1187 990 agitur
1207 969 1216 986 ‚
1261 933 1408 977 dicens
1431 950 1440 976 :
1490 953 1508 971 «
1550 933 1646 977 Non

264 1026 284 1045 »
306 1002 425 1066 quod
456 1001 597 1047 idonei
633 1018 780 1047 sumus
816 1002 1002 1060 cogitare
1036 1002 1199 1065 aliquid
1235 1021 1256 1047 a
1291 1003 1418 1047 nobis
1440 1004 1561 1065 quasi
1604 1004 1651 1047 ex

262 1096 283 1116 »
302 1072 642 1135 nobismetipsis,
664 1072 736 1118 sed
755 1072 1011 1117 sufficientia
1042 1084 1188 1118 nostra
1218 1091 1264 1118 ex
1297 1074 1384 1117 Deo
1412 1084 1474 1117 est
1504 1072 1578 1135 qui
1611 1082 1652 1116 et

264 1144 487 1189 »idoneos
512 1159 587 1187 nos
621 1141 725 1188 fecit
752 1142 969 1187 ministros
1006 1143 1113 1188 Novi
1147 1144 1436 1191 Testamenti.
1476 1160 1562 1187 non
1584 1139 1651 1186 lit-

264 1236 286 1256 »
305 1225 427 1263 terae„
448 1212 521 1258 sed
546 1212 737 1275 spiritus.
770 1212 933 1256 Littera
958 1212 1069 1256 enini
1095 1214 1274 1268 oceidit,
1300 1214 1476 1275 spiritus
1510 1222 1651 1257 autem

268 1307 290 1327 >)
314 1284 521 1330 ViViflCaL.
554 1304 574 1323 ))

332 1354 497 1399 XXXI.
527 1351 720 1397 Proinde
743 1353 844 1415 quia
872 1372 891 1391 «
921 1354 1004 1396 Lex
1023 1389 1033 1407 ,
1075 1353 1187 1397 sicut
1218 1353 1322 1398 alibi
1359 1353 1465 1398 dicit
1485 1390 1495 1405 ,
1531 1369 1650 1415 prae-

264 1447 284 1467 »
302 1422 578 1470 varicationis
605 1423 739 1482 gratia
766 1422 906 1485 posita
923 1433 983 1467 est
1002 1423 1039 1478 5³,
1064 1422 1145 1467 »id
1166 1433 1244 1475 est,
1266 1423 1408 1469 littera
1432 1425 1510 1469 ista
1535 1434 1652 1469 extra

267 1494 493 1540 hominem
511 1492 694 1555 scripta;
718 1503 947 1556 propterea
970 1510 1060 1537 eam
1079 1504 1119 1538 et
1132 1493 1485 1539 ministrationem
1506 1494 1653 1538 mortis

269 1576 311 1611 et
339 1564 695 1609 ministrationem
723 1563 1012 1608 damnationis
1037 1563 1229 1626 appellat
1257 1584 1267 1617 3
1291 1565 1404 1609 lianc
1430 1575 1590 1617 autem,
1609 1564 1653 1609 id

265 1646 344 1690 est,
368 1634 477 1680 Novi
506 1635 800 1685 Testamenti,
831 1634 1185 1679 ministrationem
1226 1635 1402 1697 spiritus
1421 1645 1461 1679 et
1499 1635 1654 1679 minis-

269 1705 495 1750 trationem
509 1704 688 1762 justitiae
704 1704 829 1758 dicit,
849 1704 949 1766 quia
970 1722 1045 1767 per
1057 1705 1219 1749 donum
1236 1706 1412 1767 spiritus
1424 1722 1655 1768 operamur

263 1774 495 1835 Justitia1n‚
515 1784 554 1818 et
570 1791 592 1818 a
608 1774 977 1837 praevaricationis
993 1775 1532 1822 damnationeliberamur.
1551 1775 1652 1821 Ideo

268 1844 378 1890 illud
393 1854 651 1899 evacuatur,
669 1844 755 1889 hoc
776 1855 944 1889 manet:
975 1846 1179 1908 quoniam
1204 1856 1363 1890 terrens
1386 1846 1651 1908 paedagogus

275 1914 511 1968 auferetur,
562 1930 660 1958 cum
692 1914 836 1959 timori
867 1915 1116 1960 successerit
1145 1915 1347 1962 charitas.
1388 1937 1407 1955 «
1428 1916 1515 1960 Ubi
1535 1916 1649 1961 enim

272 2006 293 2026 >2
314 1984 490 2047 spiritus
516 1983 711 2035 Domini,
728 1985 790 2030 ibi
810 1984 1049 2030 libertast»
1073 1986 1196 2030 Hanc
1216 1996 1356 2030 autem
1373 1986 1653 2031 ministratio-

269 2073 368 2101 nem
395 2071 485 2099 non
507 2071 553 2099 ex
578 2055 740 2100 meritis
764 2056 923 2100 nostris
940 2093 950 2109 ‚
982 2055 1054 2101 sed
1083 2074 1128 2100 ex
1155 2057 1446 2102 misericordia
1473 2074 1559 2102 esse
1595 2059 1654 2103 sic

271 2125 380 2171 dicit
408 2143 419 2170 ε
448 2146 467 2165 «
494 2128 680 2188 Propter
707 2126 826 2188 quod
869 2126 1080 2171 habentes
1124 2127 1478 2172 ministrationem
1505 2128 1620 2173 hane
1641 2165 1652 2183 ,

272 2194 765 2242 »sicutmisericordiam
791 2197 1011 2242 consecuti
1035 2214 1121 2241 non
1141 2196 1426 2248 infirmemur,
1449 2197 1519 2242 sed
1540 2197 1656 2257 abji-

270 2266 473 2311 »ciamus
497 2266 671 2311 occulta
697 2266 962 2312 confusionis
978 2304 988 2318 ,
1010 2284 1097 2312 non
1120 2267 1391 2312 ambulantes
1414 2267 1459 2312 in
1480 2268 1652 2323 astutia,

271 2356 293 2377 >³
311 2352 449 2399 neque
471 2335 571 2381 dolo
592 2336 881 2382 adulterantes
900 2338 1081 2382 verbum
1105 2338 1181 2383 Dei
1204 2337 1236 2384 4.
1273 2360 1291 2379 n
1311 2339 1435 2384 Hanc
1455 2338 1655 2384 astutiam

316 2436 327 2458 ¹
344 2447 361 2466 2
384 2436 457 2468 Cor.
484 2445 531 2475 ιιι,
551 2442 582 2473 4.
599 2454 641 2461 ·-·
662 2435 797 2472 QGa'at.
821 2450 870 2476 11,
891 2450 942 2479 19,
961 2445 990 2470 et
1006 2450 1023 2470 2
1041 2441 1118 2473 Cor.
1139 2450 1193 2476 111,
1212 2451 1240 2478 τ,
1259 2457 1297 2463 ›-
1315 2435 1329 2460 3
1345 2450 1361 2469 2
1383 2440 1452 2469 Cor.
1479 2450 1529 2475 ιιι,
1550 2451 1652 2478 17.—

273 2490 416 2534 ⁴1d.1v,
440 2503 468 2523 1.
