<?xml version="1.0" encoding="UTF-8"?>
<!DOCTYPE html PUBLIC "-//W3C//DTD XHTML 1.0 Transitional//EN"
    "http://www.w3.org/TR/xhtml1/DTD/xhtml1-transitional.dtd">
<html xmlns="http://www.w3.org/1999/xhtml" xml:lang="en" lang="en">
 <head>
  <title>
</title>
<meta http-equiv="Content-Type" content="text/html;charset=utf-8" />
  <meta name='ocr-system' content='tesseract 3.04.00' />
  <meta name='ocr-capabilities' content='ocr_page ocr_carea ocr_par ocr_line ocrx_word'/>
</head>
<body>
  <div class='ocr_page' id='page_1' title='image "./operaomniaaccura33auguuoft_0497.png"; bbox 0 0 1763 2838; ppageno 0'>
   <div class='ocr_carea' id='block_1_1' title="bbox 227 155 1468 220">
    <p class='ocr_par' dir='ltr' id='par_1_1' title="bbox 227 155 1468 220">
     <span class='ocr_line' id='line_1_1' title="bbox 227 155 1468 220; baseline 0.004 -24"><span class='ocrx_word' id='word_1_1' title='bbox 227 167 281 198; x_wconf 79' lang='lat' dir='ltr'>DE</span> <span class='ocrx_word' id='word_1_2' title='bbox 316 167 493 198; x_wconf 70' lang='lat' dir='ltr'><strong>NATURA</strong></span> <span class='ocrx_word' id='word_1_3' title='bbox 529 167 580 197; x_wconf 75' lang='lat' dir='ltr'>Er</span> <span class='ocrx_word' id='word_1_4' title='bbox 617 168 798 200; x_wconf 75' lang='lat' dir='ltr'><strong>GRATIA.</strong></span> <span class='ocrx_word' id='word_1_5' title='bbox 839 169 1013 199; x_wconf 61' lang='lat' dir='ltr'>conrasi</span> <span class='ocrx_word' id='word_1_6' title='bbox 1051 169 1290 201; x_wconf 75' lang='lat' dir='ltr'><strong>PELAGIUM.</strong></span> <span class='ocrx_word' id='word_1_7' title='bbox 1376 155 1468 220; x_wconf 72' lang='lat'>487</span> 
     </span>
    </p>
   </div>
   <div class='ocr_carea' id='block_1_2' title="bbox 90 233 1480 2398">
    <p class='ocr_par' dir='ltr' id='par_1_2' title="bbox 90 233 1476 715">
     <span class='ocr_line' id='line_1_2' title="bbox 99 233 1474 301; baseline 0.004 -24"><span class='ocrx_word' id='word_1_8' title='bbox 99 242 290 289; x_wconf 76' lang='lat' dir='ltr'>ulerunt,</span> <span class='ocrx_word' id='word_1_9' title='bbox 308 233 394 279; x_wconf 86' lang='lat' dir='ltr'>sive</span> <span class='ocrx_word' id='word_1_10' title='bbox 413 233 515 295; x_wconf 87' lang='lat' dir='ltr'>quia</span> <span class='ocrx_word' id='word_1_11' title='bbox 538 233 715 278; x_wconf 82' lang='lat' dir='ltr'>obedire</span> <span class='ocrx_word' id='word_1_12' title='bbox 741 233 991 290; x_wconf 80' lang='lat' dir='ltr'>noluerunt,</span> <span class='ocrx_word' id='word_1_13' title='bbox 1018 235 1104 280; x_wconf 83' lang='lat' dir='ltr'>sive</span> <span class='ocrx_word' id='word_1_14' title='bbox 1123 236 1254 281; x_wconf 87' lang='lat' dir='ltr'>etiam</span> <span class='ocrx_word' id='word_1_15' title='bbox 1277 252 1378 282; x_wconf 90' lang='lat' dir='ltr'>cum</span> <span class='ocrx_word' id='word_1_16' title='bbox 1395 253 1474 301; x_wconf 86' lang='lat' dir='ltr'>per</span> 
     </span>
     <span class='ocr_line' id='line_1_3' title="bbox 97 303 1476 370; baseline 0.004 -23"><span class='ocrx_word' id='word_1_17' title='bbox 97 312 267 348; x_wconf 65' lang='lat' dir='ltr'>aetatem</span> <span class='ocrx_word' id='word_1_18' title='bbox 290 303 437 348; x_wconf 84' lang='lat' dir='ltr'>audire</span> <span class='ocrx_word' id='word_1_19' title='bbox 462 320 548 348; x_wconf 90' lang='lat' dir='ltr'>non</span> <span class='ocrx_word' id='word_1_20' title='bbox 565 315 755 366; x_wconf 78' lang='lat' dir='ltr'><strong>possent,</strong></span> <span class='ocrx_word' id='word_1_21' title='bbox 778 304 999 349; x_wconf 80' lang='lat' dir='ltr'>lavacrum</span> <span class='ocrx_word' id='word_1_22' title='bbox 1016 306 1476 370; x_wconf 85' lang='lat' dir='ltr'>regenerationisquod</span> 
     </span>
     <span class='ocr_line' id='line_1_4' title="bbox 96 373 1471 438; baseline 0.004 -21"><span class='ocrx_word' id='word_1_23' title='bbox 96 373 291 436; x_wconf 86' lang='lat' dir='ltr'>accipere</span> <span class='ocrx_word' id='word_1_24' title='bbox 315 383 506 435; x_wconf 81' lang='lat' dir='ltr'><strong>possent,</strong></span> <span class='ocrx_word' id='word_1_25' title='bbox 535 391 613 436; x_wconf 83' lang='lat' dir='ltr'>per</span> <span class='ocrx_word' id='word_1_26' title='bbox 630 374 749 436; x_wconf 84' lang='lat' dir='ltr'>quod</span> <span class='ocrx_word' id='word_1_27' title='bbox 766 373 872 419; x_wconf 90' lang='lat' dir='ltr'>salvi</span> <span class='ocrx_word' id='word_1_28' title='bbox 894 375 1062 429; x_wconf 79' lang='lat' dir='ltr'>fierent,</span> <span class='ocrx_word' id='word_1_29' title='bbox 1088 392 1174 419; x_wconf 92' lang='lat' dir='ltr'>non</span> <span class='ocrx_word' id='word_1_30' title='bbox 1191 388 1471 438; x_wconf 87' lang='lat' dir='ltr'>acceperunt,</span> 
     </span>
     <span class='ocr_line' id='line_1_5' title="bbox 90 443 1471 507; baseline 0.003 -19"><span class='ocrx_word' id='word_1_31' title='bbox 90 446 207 502; x_wconf 84' lang='lat' dir='ltr'>juste</span> <span class='ocrx_word' id='word_1_32' title='bbox 238 443 389 505; x_wconf 88' lang='lat' dir='ltr'>utique</span> <span class='ocrx_word' id='word_1_33' title='bbox 430 443 719 488; x_wconf 79' lang='lat' dir='ltr'>damnantur:</span> <span class='ocrx_word' id='word_1_34' title='bbox 763 444 866 507; x_wconf 89' lang='lat' dir='ltr'>quia</span> <span class='ocrx_word' id='word_1_35' title='bbox 910 444 998 488; x_wconf 87' lang='lat' dir='ltr'>sine</span> <span class='ocrx_word' id='word_1_36' title='bbox 1031 455 1211 506; x_wconf 86' lang='lat' dir='ltr'>peccato</span> <span class='ocrx_word' id='word_1_37' title='bbox 1235 461 1324 490; x_wconf 92' lang='lat' dir='ltr'>non</span> <span class='ocrx_word' id='word_1_38' title='bbox 1347 457 1471 504; x_wconf 88' lang='lat' dir='ltr'>sunt,</span> 
     </span>
     <span class='ocr_line' id='line_1_6' title="bbox 96 512 1473 576; baseline 0.004 -19"><span class='ocrx_word' id='word_1_39' title='bbox 96 512 164 558; x_wconf 81' lang='lat' dir='ltr'>vel</span> <span class='ocrx_word' id='word_1_40' title='bbox 201 512 321 575; x_wconf 87' lang='lat' dir='ltr'>quod</span> <span class='ocrx_word' id='word_1_41' title='bbox 344 513 607 572; x_wconf 75' lang='lat' dir='ltr'>originaliter</span> <span class='ocrx_word' id='word_1_42' title='bbox 632 523 866 569; x_wconf 77' lang='lat' dir='ltr'>traxerunt,</span> <span class='ocrx_word' id='word_1_43' title='bbox 892 513 958 559; x_wconf 84' lang='lat' dir='ltr'>vel</span> <span class='ocrx_word' id='word_1_44' title='bbox 983 513 1102 576; x_wconf 86' lang='lat' dir='ltr'>quod</span> <span class='ocrx_word' id='word_1_45' title='bbox 1135 514 1258 560; x_wconf 87' lang='lat' dir='ltr'>malis</span> <span class='ocrx_word' id='word_1_46' title='bbox 1278 517 1473 563; x_wconf 89' lang='lat' dir='ltr'>moribus</span> 
     </span>
     <span class='ocr_line' id='line_1_7' title="bbox 98 581 1472 645; baseline 0.006 -19"><span class='ocrx_word' id='word_1_47' title='bbox 98 581 372 628; x_wconf 87' lang='lat' dir='ltr'>addiderunt.</span> <span class='ocrx_word' id='word_1_48' title='bbox 413 603 432 623; x_wconf 83' lang='lat'>&lt;‹</span> <span class='ocrx_word' id='word_1_49' title='bbox 457 583 618 628; x_wconf 83' lang='lat' dir='ltr'>Omnes</span> <span class='ocrx_word' id='word_1_50' title='bbox 640 584 752 628; x_wconf 91' lang='lat' dir='ltr'>enim</span> <span class='ocrx_word' id='word_1_51' title='bbox 778 594 1070 645; x_wconf 86' lang='lat' dir='ltr'>peccaverunt</span> <span class='ocrx_word' id='word_1_52' title='bbox 1087 620 1099 640; x_wconf 81' lang='grc'>,</span> <span class='ocrx_word' id='word_1_53' title='bbox 1121 585 1208 630; x_wconf 87' lang='lat' dir='ltr'>sive</span> <span class='ocrx_word' id='word_1_54' title='bbox 1231 585 1277 631; x_wconf 88' lang='lat' dir='ltr'>in</span> <span class='ocrx_word' id='word_1_55' title='bbox 1304 587 1441 633; x_wconf 85' lang='lat' dir='ltr'>Adam</span> <span class='ocrx_word' id='word_1_56' title='bbox 1459 624 1472 645; x_wconf 90' lang='lat'><em>,</em></span> 
     </span>
     <span class='ocr_line' id='line_1_8' title="bbox 97 652 1063 715; baseline -0.003 -18"><span class='ocrx_word' id='word_1_57' title='bbox 97 673 117 693; x_wconf 85' lang='lat'>›&gt;</span> <span class='ocrx_word' id='word_1_58' title='bbox 136 652 222 697; x_wconf 69' lang='lat' dir='ltr'>sive</span> <span class='ocrx_word' id='word_1_59' title='bbox 245 653 289 697; x_wconf 91' lang='lat' dir='ltr'>in</span> <span class='ocrx_word' id='word_1_60' title='bbox 309 669 350 697; x_wconf 87' lang='lat' dir='ltr'>se</span> <span class='ocrx_word' id='word_1_61' title='bbox 374 653 495 715; x_wconf 67' lang='lat' dir='ltr'>ipsis,</span> <span class='ocrx_word' id='word_1_62' title='bbox 523 662 703 712; x_wconf 82' lang='lat' dir='ltr'>etegent</span> <span class='ocrx_word' id='word_1_63' title='bbox 722 653 855 712; x_wconf 82' lang='lat' dir='ltr'>gloria</span> <span class='ocrx_word' id='word_1_64' title='bbox 877 652 954 697; x_wconf 90' lang='lat' dir='ltr'>Dei</span> <span class='ocrx_word' id='word_1_65' title='bbox 975 652 1006 699; x_wconf 72' lang='lat'>1.</span> <span class='ocrx_word' id='word_1_66' title='bbox 1043 674 1063 694; x_wconf 79' lang='lat'>›&gt;</span> 
     </span>
    </p>

    <p class='ocr_par' dir='ltr' id='par_1_3' title="bbox 90 722 1477 1486">
     <span class='ocr_line' id='line_1_9' title="bbox 160 722 1475 785; baseline 0.004 -17"><span class='ocrx_word' id='word_1_67' title='bbox 160 722 209 768; x_wconf 86' lang='lat' dir='ltr'>V.</span> <span class='ocrx_word' id='word_1_68' title='bbox 247 723 448 768; x_wconf 77' lang='lat' dir='ltr'>Universa</span> <span class='ocrx_word' id='word_1_69' title='bbox 475 723 606 782; x_wconf 84' lang='lat' dir='ltr'>igitur</span> <span class='ocrx_word' id='word_1_70' title='bbox 632 740 767 768; x_wconf 88' lang='lat' dir='ltr'>massa</span> <span class='ocrx_word' id='word_1_71' title='bbox 794 740 945 785; x_wconf 83' lang='lat' dir='ltr'>poenas</span> <span class='ocrx_word' id='word_1_72' title='bbox 965 722 1095 768; x_wconf 82' lang='lat' dir='ltr'>debet</span> <span class='ocrx_word' id='word_1_73' title='bbox 1119 741 1128 768; x_wconf 77' lang='lat' dir='ltr'>x</span> <span class='ocrx_word' id='word_1_74' title='bbox 1156 735 1197 769; x_wconf 86' lang='lat' dir='ltr'>et</span> <span class='ocrx_word' id='word_1_75' title='bbox 1214 723 1247 770; x_wconf 90' lang='lat' dir='ltr'>si</span> <span class='ocrx_word' id='word_1_76' title='bbox 1271 726 1475 773; x_wconf 76' lang='lat' dir='ltr'>omnihus</span> 
     </span>
     <span class='ocr_line' id='line_1_10' title="bbox 96 792 1477 856; baseline 0.004 -19"><span class='ocrx_word' id='word_1_77' title='bbox 96 793 294 838; x_wconf 85' lang='lat' dir='ltr'>debitum</span> <span class='ocrx_word' id='word_1_78' title='bbox 335 792 624 838; x_wconf 76' lang='lat' dir='ltr'>damnationis</span> <span class='ocrx_word' id='word_1_79' title='bbox 651 793 919 856; x_wconf 83' lang='lat' dir='ltr'>supplicium</span> <span class='ocrx_word' id='word_1_80' title='bbox 948 793 1198 840; x_wconf 70' lang='lat' dir='ltr'>redderetur</span> <span class='ocrx_word' id='word_1_81' title='bbox 1221 795 1259 851; x_wconf 76' lang='lat'>2,</span> <span class='ocrx_word' id='word_1_82' title='bbox 1287 812 1373 841; x_wconf 88' lang='lat' dir='ltr'>non</span> <span class='ocrx_word' id='word_1_83' title='bbox 1404 797 1477 842; x_wconf 86' lang='lat' dir='ltr'>in·-</span> 
     </span>
     <span class='ocr_line' id='line_1_11' title="bbox 91 861 1472 927; baseline 0.004 -21"><span class='ocrx_word' id='word_1_84' title='bbox 91 866 206 921; x_wconf 76' lang='lat' dir='ltr'>jtlste</span> <span class='ocrx_word' id='word_1_85' title='bbox 232 861 389 925; x_wconf 86' lang='lat' dir='ltr'>procul</span> <span class='ocrx_word' id='word_1_86' title='bbox 413 863 544 907; x_wconf 88' lang='lat' dir='ltr'>cubio</span> <span class='ocrx_word' id='word_1_87' title='bbox 560 862 825 908; x_wconf 76' lang='lat' dir='ltr'>redderetur.</span> <span class='ocrx_word' id='word_1_88' title='bbox 855 863 942 918; x_wconf 82' lang='lat' dir='ltr'>Qui</span> <span class='ocrx_word' id='word_1_89' title='bbox 963 880 1062 923; x_wconf 81' lang='lat' dir='ltr'>ergo</span> <span class='ocrx_word' id='word_1_90' title='bbox 1080 863 1181 909; x_wconf 87' lang='lat' dir='ltr'>inde</span> <span class='ocrx_word' id='word_1_91' title='bbox 1200 867 1472 927; x_wconf 83' lang='lat' dir='ltr'>pergratiam</span> 
     </span>
     <span class='ocr_line' id='line_1_12' title="bbox 94 932 1470 988; baseline 0.004 -12"><span class='ocrx_word' id='word_1_92' title='bbox 94 932 353 987; x_wconf 75' lang='lat' dir='ltr'>liberantur,</span> <span class='ocrx_word' id='word_1_93' title='bbox 381 949 467 977; x_wconf 92' lang='lat' dir='ltr'>non</span> <span class='ocrx_word' id='word_1_94' title='bbox 491 949 587 979; x_wconf 87' lang='lat' dir='ltr'>vasa</span> <span class='ocrx_word' id='word_1_95' title='bbox 609 932 1064 988; x_wconf 84' lang='lat' dir='ltr'>meritorumsuorum,</span> <span class='ocrx_word' id='word_1_96' title='bbox 1087 933 1161 978; x_wconf 87' lang='lat' dir='ltr'>sed</span> <span class='ocrx_word' id='word_1_97' title='bbox 1179 950 1277 980; x_wconf 88' lang='lat' dir='ltr'>vasa</span> <span class='ocrx_word' id='word_1_98' title='bbox 1300 935 1470 982; x_wconf 76' lang='lat' dir='ltr'>miseri-</span> 
     </span>
     <span class='ocr_line' id='line_1_13' title="bbox 95 1001 1474 1069; baseline 0.004 -22"><span class='ocrx_word' id='word_1_99' title='bbox 95 1001 258 1047; x_wconf 83' lang='lat' dir='ltr'>cordiae</span> <span class='ocrx_word' id='word_1_100' title='bbox 283 1003 579 1049; x_wconf 82' lang='lat' dir='ltr'>nominantur.</span> <span class='ocrx_word' id='word_1_101' title='bbox 613 1003 750 1062; x_wconf 85' lang='lat' dir='ltr'>Cujus</span> <span class='ocrx_word' id='word_1_102' title='bbox 779 1003 1102 1059; x_wconf 81' lang='lat' dir='ltr'>misericordiae,</span> <span class='ocrx_word' id='word_1_103' title='bbox 1131 1004 1211 1050; x_wconf 90' lang='lat' dir='ltr'>nisi</span> <span class='ocrx_word' id='word_1_104' title='bbox 1244 1004 1358 1051; x_wconf 86' lang='lat' dir='ltr'>illius</span> <span class='ocrx_word' id='word_1_105' title='bbox 1397 1007 1474 1069; x_wconf 88' lang='lat' dir='ltr'>qui</span> 
     </span>
     <span class='ocr_line' id='line_1_14' title="bbox 96 1072 1468 1137; baseline 0.004 -21"><span class='ocrx_word' id='word_1_106' title='bbox 96 1072 321 1117; x_wconf 88' lang='lat' dir='ltr'>Christum</span> <span class='ocrx_word' id='word_1_107' title='bbox 334 1076 476 1118; x_wconf 89' lang='lat' dir='ltr'>Jesum</span> <span class='ocrx_word' id='word_1_108' title='bbox 497 1073 612 1117; x_wconf 82' lang='lat' dir='ltr'>misit</span> <span class='ocrx_word' id='word_1_109' title='bbox 632 1073 676 1117; x_wconf 92' lang='lat' dir='ltr'>in</span> <span class='ocrx_word' id='word_1_110' title='bbox 698 1073 816 1118; x_wconf 90' lang='lat' dir='ltr'>hunc</span> <span class='ocrx_word' id='word_1_111' title='bbox 831 1073 1044 1118; x_wconf 89' lang='lat' dir='ltr'>mundum</span> <span class='ocrx_word' id='word_1_112' title='bbox 1063 1085 1311 1137; x_wconf 83' lang='lat' dir='ltr'>peccatores</span> <span class='ocrx_word' id='word_1_113' title='bbox 1329 1075 1468 1122; x_wconf 83' lang='lat' dir='ltr'>salvos</span> 
     </span>
     <span class='ocr_line' id='line_1_15' title="bbox 94 1142 1475 1206; baseline 0.004 -19"><span class='ocrx_word' id='word_1_114' title='bbox 94 1142 233 1188; x_wconf 85' lang='lat' dir='ltr'>facere</span> <span class='ocrx_word' id='word_1_115' title='bbox 254 1143 290 1198; x_wconf 77' lang='lat'>3,</span> <span class='ocrx_word' id='word_1_116' title='bbox 326 1160 434 1206; x_wconf 84' lang='lat' dir='ltr'>quos</span> <span class='ocrx_word' id='word_1_117' title='bbox 465 1144 708 1206; x_wconf 63' lang='lat' dir='ltr'>prtescrivit</span> <span class='ocrx_word' id='word_1_118' title='bbox 739 1154 780 1189; x_wconf 88' lang='lat' dir='ltr'>et</span> <span class='ocrx_word' id='word_1_119' title='bbox 813 1144 1137 1206; x_wconf 78' lang='lat' dir='ltr'>praedestinavit</span> <span class='ocrx_word' id='word_1_120' title='bbox 1161 1155 1202 1190; x_wconf 91' lang='lat' dir='ltr'>et</span> <span class='ocrx_word' id='word_1_121' title='bbox 1224 1148 1396 1193; x_wconf 81' lang='lat' dir='ltr'>vocavit</span> <span class='ocrx_word' id='word_1_122' title='bbox 1432 1157 1475 1192; x_wconf 85' lang='lat' dir='ltr'>et</span> 
     </span>
     <span class='ocr_line' id='line_1_16' title="bbox 90 1213 1473 1278; baseline 0.003 -20"><span class='ocrx_word' id='word_1_123' title='bbox 90 1213 347 1272; x_wconf 80' lang='lat' dir='ltr'>justificavit</span> <span class='ocrx_word' id='word_1_124' title='bbox 371 1224 412 1258; x_wconf 91' lang='lat' dir='ltr'>et</span> <span class='ocrx_word' id='word_1_125' title='bbox 447 1214 770 1273; x_wconf 38' lang='lat' dir='ltr'>glorificavit&amp;</span> <span class='ocrx_word' id='word_1_126' title='bbox 805 1215 914 1270; x_wconf 79' lang='lat' dir='ltr'>Quis</span> <span class='ocrx_word' id='word_1_127' title='bbox 932 1215 1062 1273; x_wconf 78' lang='lat' dir='ltr'>igitur</span> <span class='ocrx_word' id='word_1_128' title='bbox 1081 1232 1213 1278; x_wconf 83' lang='lat' dir='ltr'>usque</span> <span class='ocrx_word' id='word_1_129' title='bbox 1246 1216 1355 1262; x_wconf 87' lang='lat' dir='ltr'>adeo</span> <span class='ocrx_word' id='word_1_130' title='bbox 1393 1217 1473 1262; x_wconf 83' lang='lat' dir='ltr'>de-</span> 
     </span>
     <span class='ocr_line' id='line_1_17' title="bbox 96 1283 1476 1343; baseline 0.004 -17"><span class='ocrx_word' id='word_1_131' title='bbox 96 1283 356 1327; x_wconf 88' lang='lat' dir='ltr'>mentissime</span> <span class='ocrx_word' id='word_1_132' title='bbox 375 1283 575 1338; x_wconf 71' lang='lat' dir='ltr'>insaniat,</span> <span class='ocrx_word' id='word_1_133' title='bbox 599 1294 645 1328; x_wconf 89' lang='lat' dir='ltr'>ut</span> <span class='ocrx_word' id='word_1_134' title='bbox 664 1301 749 1328; x_wconf 88' lang='lat' dir='ltr'>non</span> <span class='ocrx_word' id='word_1_135' title='bbox 771 1294 867 1342; x_wconf 82' lang='lat' dir='ltr'>agat</span> <span class='ocrx_word' id='word_1_136' title='bbox 883 1284 1116 1329; x_wconf 68' lang='lat' dir='ltr'>ineffabiles</span> <span class='ocrx_word' id='word_1_137' title='bbox 1134 1286 1287 1343; x_wconf 78' lang='lat' dir='ltr'>gratias</span> <span class='ocrx_word' id='word_1_138' title='bbox 1305 1287 1476 1332; x_wconf 78' lang='lat' dir='ltr'>miseri·-</span> 
     </span>
     <span class='ocr_line' id='line_1_18' title="bbox 91 1352 1473 1419; baseline 0.004 -22"><span class='ocrx_word' id='word_1_139' title='bbox 91 1352 253 1398; x_wconf 82' lang='lat' dir='ltr'>cordiae</span> <span class='ocrx_word' id='word_1_140' title='bbox 274 1370 383 1416; x_wconf 88' lang='lat' dir='ltr'>quos</span> <span class='ocrx_word' id='word_1_141' title='bbox 403 1353 539 1399; x_wconf 75' lang='lat' dir='ltr'>voluit</span> <span class='ocrx_word' id='word_1_142' title='bbox 558 1354 799 1402; x_wconf 74' lang='lat' dir='ltr'>liberantis.</span> <span class='ocrx_word' id='word_1_143' title='bbox 827 1355 901 1417; x_wconf 88' lang='lat' dir='ltr'>qui</span> <span class='ocrx_word' id='word_1_144' title='bbox 917 1365 1028 1399; x_wconf 89' lang='lat' dir='ltr'>recte</span> <span class='ocrx_word' id='word_1_145' title='bbox 1050 1354 1169 1399; x_wconf 89' lang='lat' dir='ltr'>nullo</span> <span class='ocrx_word' id='word_1_146' title='bbox 1185 1356 1316 1401; x_wconf 90' lang='lat' dir='ltr'>modo</span> <span class='ocrx_word' id='word_1_147' title='bbox 1330 1366 1473 1419; x_wconf 80' lang='lat' dir='ltr'>posset</span> 
     </span>
     <span class='ocr_line' id='line_1_19' title="bbox 92 1424 1246 1486; baseline 0.001 -17"><span class='ocrx_word' id='word_1_148' title='bbox 92 1424 269 1486; x_wconf 84' lang='lat' dir='ltr'>culpare</span> <span class='ocrx_word' id='word_1_149' title='bbox 289 1424 500 1482; x_wconf 81' lang='lat' dir='ltr'>justitiam</span> <span class='ocrx_word' id='word_1_150' title='bbox 531 1425 748 1469; x_wconf 85' lang='lat' dir='ltr'>universos</span> <span class='ocrx_word' id='word_1_151' title='bbox 769 1425 946 1469; x_wconf 90' lang='lat' dir='ltr'>omnino</span> <span class='ocrx_word' id='word_1_152' title='bbox 969 1424 1246 1470; x_wconf 70' lang='lat' dir='ltr'>damnantis?</span> 
     </span>
    </p>

    <p class='ocr_par' dir='ltr' id='par_1_4' title="bbox 92 1494 1480 2253">
     <span class='ocr_line' id='line_1_20' title="bbox 158 1494 1472 1557; baseline 0.005 -20"><span class='ocrx_word' id='word_1_153' title='bbox 158 1494 232 1539; x_wconf 84' lang='lat' dir='ltr'>Vl.</span> <span class='ocrx_word' id='word_1_154' title='bbox 262 1494 357 1538; x_wconf 86' lang='lat' dir='ltr'>Hoc</span> <span class='ocrx_word' id='word_1_155' title='bbox 375 1494 407 1538; x_wconf 89' lang='lat' dir='ltr'>si</span> <span class='ocrx_word' id='word_1_156' title='bbox 428 1494 666 1539; x_wconf 85' lang='lat' dir='ltr'>secundum</span> <span class='ocrx_word' id='word_1_157' title='bbox 690 1495 936 1556; x_wconf 81' lang='lat' dir='ltr'>Scripturas</span> <span class='ocrx_word' id='word_1_158' title='bbox 958 1495 1193 1556; x_wconf 85' lang='lat' dir='ltr'>sapiamus,</span> <span class='ocrx_word' id='word_1_159' title='bbox 1229 1512 1317 1541; x_wconf 88' lang='lat' dir='ltr'>non</span> <span class='ocrx_word' id='word_1_160' title='bbox 1347 1497 1472 1557; x_wconf 85' lang='lat' dir='ltr'>cogi-</span> 
     </span>
     <span class='ocr_line' id='line_1_21' title="bbox 94 1564 1478 1627; baseline 0.004 -19"><span class='ocrx_word' id='word_1_161' title='bbox 94 1581 191 1608; x_wconf 86' lang='lat' dir='ltr'>mur</span> <span class='ocrx_word' id='word_1_162' title='bbox 214 1574 364 1609; x_wconf 87' lang='lat' dir='ltr'>contra</span> <span class='ocrx_word' id='word_1_163' title='bbox 390 1564 672 1609; x_wconf 85' lang='lat' dir='ltr'>christianam</span> <span class='ocrx_word' id='word_1_164' title='bbox 709 1565 890 1625; x_wconf 81' lang='lat' dir='ltr'>gratiam</span> <span class='ocrx_word' id='word_1_165' title='bbox 929 1565 1169 1627; x_wconf 84' lang='lat' dir='ltr'>disputare,</span> <span class='ocrx_word' id='word_1_166' title='bbox 1197 1576 1238 1611; x_wconf 90' lang='lat' dir='ltr'>et</span> <span class='ocrx_word' id='word_1_167' title='bbox 1263 1583 1310 1611; x_wconf 84' lang='lat' dir='ltr'>ea</span> <span class='ocrx_word' id='word_1_168' title='bbox 1335 1566 1478 1614; x_wconf 85' lang='lat' dir='ltr'>dicere</span> 
     </span>
     <span class='ocr_line' id='line_1_22' title="bbox 92 1634 1480 1701; baseline 0.004 -23"><span class='ocrx_word' id='word_1_169' title='bbox 92 1635 255 1698; x_wconf 88' lang='lat' dir='ltr'>quibus</span> <span class='ocrx_word' id='word_1_170' title='bbox 288 1634 581 1680; x_wconf 83' lang='lat' dir='ltr'>demonstrare</span> <span class='ocrx_word' id='word_1_171' title='bbox 601 1652 829 1686; x_wconf 76' lang='lat' dir='ltr'>conemur,</span> <span class='ocrx_word' id='word_1_172' title='bbox 852 1646 1051 1680; x_wconf 86' lang='lat' dir='ltr'>naturam</span> <span class='ocrx_word' id='word_1_173' title='bbox 1076 1636 1314 1682; x_wconf 85' lang='lat' dir='ltr'>humanam</span> <span class='ocrx_word' id='word_1_174' title='bbox 1340 1653 1480 1701; x_wconf 79' lang='lat' dir='ltr'>neque</span> 
     </span>
     <span class='ocr_line' id='line_1_23' title="bbox 93 1704 1470 1768; baseline 0.002 -18"><span class='ocrx_word' id='word_1_175' title='bbox 93 1706 137 1750; x_wconf 89' lang='lat' dir='ltr'>in</span> <span class='ocrx_word' id='word_1_176' title='bbox 158 1704 351 1767; x_wconf 72' lang='lat' dir='ltr'>parvulis</span> <span class='ocrx_word' id='word_1_177' title='bbox 375 1705 745 1764; x_wconf 80' lang='lat' dir='ltr'>medicoindigere</span> <span class='ocrx_word' id='word_1_178' title='bbox 762 1706 860 1768; x_wconf 82' lang='lat' dir='ltr'>quia</span> <span class='ocrx_word' id='word_1_179' title='bbox 886 1722 986 1750; x_wconf 71' lang='lat' dir='ltr'>sanra</span> <span class='ocrx_word' id='word_1_180' title='bbox 1010 1716 1087 1761; x_wconf 79' lang='lat' dir='ltr'>est,</span> <span class='ocrx_word' id='word_1_181' title='bbox 1110 1706 1211 1750; x_wconf 83' lang='lat' dir='ltr'>etin</span> <span class='ocrx_word' id='word_1_182' title='bbox 1235 1708 1470 1766; x_wconf 76' lang='lat' dir='ltr'>majoribus</span> 
     </span>
     <span class='ocr_line' id='line_1_24' title="bbox 93 1774 1472 1837; baseline 0.001 -16"><span class='ocrx_word' id='word_1_183' title='bbox 93 1775 179 1821; x_wconf 83' lang='lat' dir='ltr'>sibi</span> <span class='ocrx_word' id='word_1_184' title='bbox 215 1774 355 1837; x_wconf 85' lang='lat' dir='ltr'>ipsam</span> <span class='ocrx_word' id='word_1_185' title='bbox 399 1775 451 1819; x_wconf 79' lang='lat' dir='ltr'>ad</span> <span class='ocrx_word' id='word_1_186' title='bbox 480 1776 691 1834; x_wconf 88' lang='lat' dir='ltr'>justitiam</span> <span class='ocrx_word' id='word_1_187' title='bbox 732 1775 765 1820; x_wconf 86' lang='lat' dir='ltr'>si</span> <span class='ocrx_word' id='word_1_188' title='bbox 802 1775 902 1820; x_wconf 82' lang='lat' dir='ltr'>velit</span> <span class='ocrx_word' id='word_1_189' title='bbox 927 1792 1052 1837; x_wconf 82' lang='lat' dir='ltr'>posse</span> <span class='ocrx_word' id='word_1_190' title='bbox 1083 1776 1288 1822; x_wconf 83' lang='lat' dir='ltr'>sufficere.</span> <span class='ocrx_word' id='word_1_191' title='bbox 1338 1779 1472 1822; x_wconf 86' lang='lat' dir='ltr'>Acute</span> 
     </span>
     <span class='ocr_line' id='line_1_25' title="bbox 96 1844 1473 1909; baseline 0.001 -20"><span class='ocrx_word' id='word_1_192' title='bbox 96 1846 263 1909; x_wconf 86' lang='lat' dir='ltr'>quippe</span> <span class='ocrx_word' id='word_1_193' title='bbox 300 1844 503 1890; x_wconf 78' lang='lat' dir='ltr'>videntur</span> <span class='ocrx_word' id='word_1_194' title='bbox 540 1845 637 1889; x_wconf 82' lang='lat' dir='ltr'>haec</span> <span class='ocrx_word' id='word_1_195' title='bbox 657 1845 762 1895; x_wconf 79' lang='lat' dir='ltr'>dici,</span> <span class='ocrx_word' id='word_1_196' title='bbox 800 1844 872 1890; x_wconf 87' lang='lat' dir='ltr'>sed</span> <span class='ocrx_word' id='word_1_197' title='bbox 898 1845 942 1889; x_wconf 88' lang='lat' dir='ltr'>in</span> <span class='ocrx_word' id='word_1_198' title='bbox 983 1845 1192 1908; x_wconf 86' lang='lat' dir='ltr'>sapientia</span> <span class='ocrx_word' id='word_1_199' title='bbox 1225 1846 1364 1901; x_wconf 79' lang='lat' dir='ltr'>verbi,</span> <span class='ocrx_word' id='word_1_200' title='bbox 1386 1862 1473 1909; x_wconf 84' lang='lat' dir='ltr'>qua</span> 
     </span>
     <span class='ocr_line' id='line_1_26' title="bbox 96 1915 1476 1978; baseline 0 -18"><span class='ocrx_word' id='word_1_201' title='bbox 96 1925 334 1961; x_wconf 82' lang='lat' dir='ltr'>evacuatur</span> <span class='ocrx_word' id='word_1_202' title='bbox 369 1931 471 1960; x_wconf 80' lang='lat' dir='ltr'>crux</span> <span class='ocrx_word' id='word_1_203' title='bbox 497 1915 662 1959; x_wconf 84' lang='lat' dir='ltr'>Christi</span> <span class='ocrx_word' id='word_1_204' title='bbox 682 1915 714 1961; x_wconf 75' lang='lat'>5.</span> <span class='ocrx_word' id='word_1_205' title='bbox 744 1916 840 1960; x_wconf 88' lang='lat' dir='ltr'>Non</span> <span class='ocrx_word' id='word_1_206' title='bbox 865 1925 925 1960; x_wconf 87' lang='lat' dir='ltr'>est</span> <span class='ocrx_word' id='word_1_207' title='bbox 948 1916 1025 1959; x_wconf 88' lang='lat' dir='ltr'>ista</span> <span class='ocrx_word' id='word_1_208' title='bbox 1052 1915 1275 1960; x_wconf 86' lang='lat' dir='ltr'>desursum</span> <span class='ocrx_word' id='word_1_209' title='bbox 1300 1917 1476 1978; x_wconf 86' lang='lat' dir='ltr'>sapien-</span> 
     </span>
     <span class='ocr_line' id='line_1_27' title="bbox 97 1984 1475 2047; baseline 0.001 -17"><span class='ocrx_word' id='word_1_210' title='bbox 97 1986 155 2030; x_wconf 85' lang='lat' dir='ltr'>tia</span> <span class='ocrx_word' id='word_1_211' title='bbox 177 1985 439 2030; x_wconf 87' lang='lat' dir='ltr'>descendens</span> <span class='ocrx_word' id='word_1_212' title='bbox 459 1986 492 2030; x_wconf 62' lang='grc' dir='ltr'>ὃ.</span> <span class='ocrx_word' id='word_1_213' title='bbox 527 1985 637 2029; x_wconf 83' lang='lat' dir='ltr'>Nolo</span> <span class='ocrx_word' id='word_1_214' title='bbox 662 1985 782 2047; x_wconf 85' lang='lat' dir='ltr'>quod</span> <span class='ocrx_word' id='word_1_215' title='bbox 806 1985 1001 2047; x_wconf 87' lang='lat' dir='ltr'>sequitur</span> <span class='ocrx_word' id='word_1_216' title='bbox 1032 1984 1193 2039; x_wconf 82' lang='lat' dir='ltr'>dicere,</span> <span class='ocrx_word' id='word_1_217' title='bbox 1238 2001 1289 2029; x_wconf 90' lang='lat' dir='ltr'>ne</span> <span class='ocrx_word' id='word_1_218' title='bbox 1326 1985 1475 2031; x_wconf 84' lang='lat' dir='ltr'>amicis</span> 
     </span>
     <span class='ocr_line' id='line_1_28' title="bbox 98 2053 1473 2116; baseline 0 -16"><span class='ocrx_word' id='word_1_219' title='bbox 98 2055 252 2100; x_wconf 88' lang='lat' dir='ltr'>nostris</span> <span class='ocrx_word' id='word_1_220' title='bbox 272 2091 282 2109; x_wconf 86' lang='lat'><strong>‚</strong></span> <span class='ocrx_word' id='word_1_221' title='bbox 323 2070 511 2116; x_wconf 88' lang='lat' dir='ltr'>quorum</span> <span class='ocrx_word' id='word_1_222' title='bbox 535 2053 765 2099; x_wconf 81' lang='lat' dir='ltr'>fortissima</span> <span class='ocrx_word' id='word_1_223' title='bbox 802 2065 843 2098; x_wconf 88' lang='lat' dir='ltr'>et</span> <span class='ocrx_word' id='word_1_224' title='bbox 872 2053 1095 2098; x_wconf 86' lang='lat' dir='ltr'>celerrima</span> <span class='ocrx_word' id='word_1_225' title='bbox 1119 2054 1288 2112; x_wconf 81' lang='lat' dir='ltr'>ingenia</span> <span class='ocrx_word' id='word_1_226' title='bbox 1321 2070 1409 2100; x_wconf 89' lang='lat' dir='ltr'>non</span> <span class='ocrx_word' id='word_1_227' title='bbox 1430 2054 1473 2100; x_wconf 89' lang='lat' dir='ltr'>in</span> 
     </span>
     <span class='ocr_line' id='line_1_29' title="bbox 97 2123 1475 2188; baseline 0 -18"><span class='ocrx_word' id='word_1_228' title='bbox 97 2141 366 2188; x_wconf 81' lang='lat' dir='ltr'>perversum,</span> <span class='ocrx_word' id='word_1_229' title='bbox 383 2123 455 2168; x_wconf 85' lang='lat' dir='ltr'>scd</span> <span class='ocrx_word' id='word_1_230' title='bbox 476 2124 519 2169; x_wconf 90' lang='lat' dir='ltr'>in</span> <span class='ocrx_word' id='word_1_231' title='bbox 537 2123 750 2169; x_wconf 89' lang='lat' dir='ltr'>directum</span> <span class='ocrx_word' id='word_1_232' title='bbox 770 2141 942 2169; x_wconf 86' lang='lat' dir='ltr'>currere</span> <span class='ocrx_word' id='word_1_233' title='bbox 961 2124 1162 2170; x_wconf 79' lang='lat' dir='ltr'>volumus</span> <span class='ocrx_word' id='word_1_234' title='bbox 1181 2159 1192 2179; x_wconf 86' lang='lat'><strong><em>‚</em></strong></span> <span class='ocrx_word' id='word_1_235' title='bbox 1210 2123 1347 2169; x_wconf 85' lang='lat' dir='ltr'>facere</span> <span class='ocrx_word' id='word_1_236' title='bbox 1365 2124 1475 2170; x_wconf 87' lang='lat' dir='ltr'>exis-</span> 
     </span>
     <span class='ocr_line' id='line_1_30' title="bbox 100 2206 540 2253; baseline 0 -13"><span class='ocrx_word' id='word_1_237' title='bbox 100 2206 304 2240; x_wconf 78' lang='lat' dir='ltr'>timemur</span> <span class='ocrx_word' id='word_1_238' title='bbox 322 2211 540 2253; x_wconf 68' lang='lat' dir='ltr'>injuriam.</span> 
     </span>
    </p>

    <p class='ocr_par' dir='ltr' id='par_1_5' title="bbox 101 2263 1477 2398">
     <span class='ocr_line' id='line_1_31' title="bbox 164 2263 1471 2327; baseline 0 -17"><span class='ocrx_word' id='word_1_239' title='bbox 164 2265 263 2312; x_wconf 78' lang='lat' dir='ltr'><strong>VII.</strong></span> <span class='ocrx_word' id='word_1_240' title='bbox 292 2265 468 2321; x_wconf 85' lang='lat' dir='ltr'>Quanto</span> <span class='ocrx_word' id='word_1_241' title='bbox 490 2264 624 2323; x_wconf 75' lang='lat' dir='ltr'>igitur</span> <span class='ocrx_word' id='word_1_242' title='bbox 646 2265 734 2309; x_wconf 83' lang='lat' dir='ltr'>zelo</span> <span class='ocrx_word' id='word_1_243' title='bbox 754 2281 955 2310; x_wconf 85' lang='lat' dir='ltr'>accensus</span> <span class='ocrx_word' id='word_1_244' title='bbox 971 2274 1033 2308; x_wconf 90' lang='lat' dir='ltr'>est</span> <span class='ocrx_word' id='word_1_245' title='bbox 1048 2263 1151 2309; x_wconf 85' lang='lat' dir='ltr'>libri</span> <span class='ocrx_word' id='word_1_246' title='bbox 1171 2264 1321 2324; x_wconf 85' lang='lat' dir='ltr'>hujus,</span> <span class='ocrx_word' id='word_1_247' title='bbox 1341 2275 1471 2327; x_wconf 83' lang='lat' dir='ltr'>quem</span> 
     </span>
     <span class='ocr_line' id='line_1_32' title="bbox 101 2334 1477 2398; baseline -0.001 -17"><span class='ocrx_word' id='word_1_248' title='bbox 101 2335 289 2385; x_wconf 77' lang='lat' dir='ltr'>misistis,</span> <span class='ocrx_word' id='word_1_249' title='bbox 320 2334 540 2390; x_wconf 69' lang='lat' dir='ltr'>conditor,</span> <span class='ocrx_word' id='word_1_250' title='bbox 562 2335 762 2381; x_wconf 79' lang='lat' dir='ltr'>adversus</span> <span class='ocrx_word' id='word_1_251' title='bbox 779 2352 849 2380; x_wconf 88' lang='lat' dir='ltr'>eos</span> <span class='ocrx_word' id='word_1_252' title='bbox 867 2335 942 2398; x_wconf 91' lang='lat' dir='ltr'>qui</span> <span class='ocrx_word' id='word_1_253' title='bbox 967 2334 1155 2398; x_wconf 84' lang='lat' dir='ltr'>peccatis</span> <span class='ocrx_word' id='word_1_254' title='bbox 1173 2335 1257 2379; x_wconf 89' lang='lat' dir='ltr'>suis</span> <span class='ocrx_word' id='word_1_255' title='bbox 1279 2334 1477 2397; x_wconf 86' lang='lat' dir='ltr'>patroci-</span> 
     </span>
    </p>
   </div>
   <div class='ocr_carea' id='block_1_3' title="bbox 104 2430 1485 2529">
    <p class='ocr_par' dir='ltr' id='par_1_6' title="bbox 104 2430 1485 2529">
     <span class='ocr_line' id='line_1_33' title="bbox 152 2430 1485 2473; baseline -0.002 -8"><span class='ocrx_word' id='word_1_256' title='bbox 152 2434 161 2456; x_wconf 82' lang='lat'><strong>¹</strong></span> <span class='ocrx_word' id='word_1_257' title='bbox 181 2437 275 2465; x_wconf 80' lang='lat' dir='ltr'>Rom.</span> <span class='ocrx_word' id='word_1_258' title='bbox 296 2445 347 2470; x_wconf 84' lang='lat'>111,</span> <span class='ocrx_word' id='word_1_259' title='bbox 369 2435 421 2464; x_wconf 71' lang='lat'>23.</span> <span class='ocrx_word' id='word_1_260' title='bbox 443 2451 488 2457; x_wconf 94' lang='lat'><strong>—</strong></span> <span class='ocrx_word' id='word_1_261' title='bbox 506 2432 652 2471; x_wconf 64' lang='lat' dir='ltr'>21‹1.1x,</span> <span class='ocrx_word' id='word_1_262' title='bbox 672 2436 729 2466; x_wconf 79' lang='lat'>23,</span> <span class='ocrx_word' id='word_1_263' title='bbox 746 2452 787 2457; x_wconf 89' lang='lat'>—</span> <span class='ocrx_word' id='word_1_264' title='bbox 817 2431 830 2454; x_wconf 83' lang='lat'>3</span> <span class='ocrx_word' id='word_1_265' title='bbox 861 2434 975 2465; x_wconf 74' lang='lat' dir='ltr'>1Tim.</span> <span class='ocrx_word' id='word_1_266' title='bbox 996 2445 1026 2471; x_wconf 91' lang='lat'>1,</span> <span class='ocrx_word' id='word_1_267' title='bbox 1051 2434 1103 2467; x_wconf 78' lang='lat'>15,</span> <span class='ocrx_word' id='word_1_268' title='bbox 1123 2451 1165 2456; x_wconf 91' lang='lat'><strong>—</strong></span> <span class='ocrx_word' id='word_1_269' title='bbox 1187 2430 1200 2454; x_wconf 73' lang='lat'>⁴</span> <span class='ocrx_word' id='word_1_270' title='bbox 1218 2435 1313 2466; x_wconf 82' lang='lat' dir='ltr'>Rom.</span> <span class='ocrx_word' id='word_1_271' title='bbox 1336 2443 1485 2473; x_wconf 80' lang='lat' dir='ltr'>v¹11‚29.</span> 
     </span>
     <span class='ocr_line' id='line_1_34' title="bbox 104 2486 803 2529; baseline -0.001 -9"><span class='ocrx_word' id='word_1_272' title='bbox 104 2508 148 2514; x_wconf 90' lang='lat'>——</span> <span class='ocrx_word' id='word_1_273' title='bbox 166 2489 179 2511; x_wconf 85' lang='lat'>5</span> <span class='ocrx_word' id='word_1_274' title='bbox 199 2501 210 2520; x_wconf 88' lang='lat'>1</span> <span class='ocrx_word' id='word_1_275' title='bbox 229 2492 304 2522; x_wconf 83' lang='lat' dir='ltr'>Cor.</span> <span class='ocrx_word' id='word_1_276' title='bbox 326 2501 352 2527; x_wconf 83' lang='lat' dir='ltr'>x,</span> <span class='ocrx_word' id='word_1_277' title='bbox 379 2501 429 2529; x_wconf 75' lang='lat'>¹7·</span> <span class='ocrx_word' id='word_1_278' title='bbox 452 2486 523 2514; x_wconf 33' lang='grc' dir='ltr'>»ΔΕ</span> <span class='ocrx_word' id='word_1_279' title='bbox 541 2489 655 2521; x_wconf 84' lang='lat' dir='ltr'>Jacob.</span> <span class='ocrx_word' id='word_1_280' title='bbox 676 2500 726 2527; x_wconf 82' lang='lat'>111,</span> <span class='ocrx_word' id='word_1_281' title='bbox 753 2490 803 2519; x_wconf 81' lang='lat'>15.</span> 
     </span>
    </p>
   </div>
  </div>
 </body>
</html>
