1763 2838
388 194 519 225 mmm
555 192 610 223 DE
648 190 821 223 srnzlru
857 191 911 222 ET
944 190 1142 221 LITTERA.
1363 174 1459 240 437

144 261 304 309 XXVI.
334 262 524 325 Apparet
547 260 681 321 igitur
698 260 853 305 litterae
879 255 1160 314 vetustatema
1191 257 1225 303 si
1252 257 1361 304 desit
1384 276 1462 305 no-

78 337 187 382 vitas
232 333 438 397 spiritus,
480 350 573 378 reos
607 332 747 377 facere
784 331 928 395 potius
972 331 1217 390 cognitione
1253 330 1457 393 peccati,

80 424 210 470 quam
235 405 418 450 liberare
455 421 477 448 a
509 414 708 467 peccato.
736 403 863 448 Unde
888 413 929 447 et
965 401 1069 446 alibi
1103 401 1329 464 Scriptum
1363 412 1457 458 est,

81 498 100 518 α
128 476 216 533 Qui
250 475 436 538 apponit
470 475 691 520 scientiam
711 512 721 530 ‚
766 472 948 537 apponit
983 483 1023 517 et
1048 470 1275 517 dolorem1
1301 489 1351 516 :n
1372 489 1462 517 non

79 547 181 609 quia
207 547 298 609 ipsa
321 545 385 591 lex
409 545 572 591 malum
595 556 653 590 est
673 582 684 600 ‚
700 544 771 590 sed
797 544 898 607 quia
919 542 1173 587 mandatum
1197 543 1364 587 bonum
1385 542 1466 588 ha-

80 617 154 661 bet
182 617 226 661 in
251 616 393 661 littera
428 616 777 671 demonstrante,
814 631 901 659 non
928 614 972 658 in
1008 613 1241 673 adjuvante
1275 612 1462 676 spiritu:

81 686 198 749 quod
221 686 474 732 mandatum
503 687 535 731 si
557 688 605 731 fit
630 687 782 730 timore
798 701 963 747 poenae„
991 700 1077 727 non
1099 700 1243 727 amore
1261 683 1461 742 justitiae‚

81 756 289 802 serviliter
312 758 393 813 fit,
435 774 523 802 non
552 756 807 807 liberaliter,
841 765 882 799 et
905 753 1001 799 ideo
1033 770 1110 798 nec
1138 754 1199 798 fit.
1226 753 1325 797 Non
1350 754 1463 797 enim

80 827 248 873 fructus
272 838 332 872 est
356 828 498 873 bonus
516 864 526 883 ‚
565 826 642 890 qui
676 825 728 871 de
757 825 981 870 charitatis
1014 823 1159 868 radice
1193 840 1282 867 non
1308 823 1460 882 surgit.

81 897 217 941 Porro
233 907 375 942 autem
392 898 425 942 si
451 896 563 942 adsit
584 896 689 941 fides
713 912 812 958 quae
831 911 908 957 per
932 894 1208 939 dilectionem
1234 905 1461 956 operatur,

81 968 238 1030 incipit
262 966 554 1013 condelectari
594 967 674 1026 legi
714 967 793 1011 Dei
820 965 1062 1011 secundum
1096 965 1342 1009 interiorem
1378 964 1465 1009 ho-

82 1039 266 1093 minem,
294 1055 395 1102 quae
415 1038 643 1083 delectatio
666 1055 753 1082 non
779 1037 934 1082 litterae
954 1074 964 1089 „
997 1036 1068 1081 sed
1095 1036 1271 1098 spiritus
1298 1035 1465 1080 donum

83 1109 176 1153 est2
197 1129 208 1161 ;
232 1110 359 1153 etiam
394 1110 428 1154 si
460 1108 541 1154 alia
575 1108 705 1154 lexin
735 1108 939 1153 membris
974 1106 1119 1151 adhuc
1151 1105 1467 1169 rel‘›ug11atlegi

84 1180 238 1223 mentis
254 1217 264 1235 ‚
292 1179 430 1225 donec
454 1180 499 1224 in
522 1180 756 1224 novitatem
779 1216 788 1230 ,
819 1196 918 1241 quae
943 1178 995 1223 de
1016 1178 1085 1222 di'e
1112 1178 1157 1222 in
1182 1178 1296 1222 diem
1324 1178 1368 1221 in
1395 1177 1466 1221 in-

86 1249 239 1295 teriore
258 1250 435 1294 homine
455 1260 634 1309 augetur
653 1287 663 1305 ,
687 1261 774 1295 tota
795 1260 981 1293 vetustas
999 1258 1162 1292 mutata
1182 1257 1464 1311 pertranseat,

83 1319 295 1365 liberante
311 1338 384 1365 nos
397 1320 449 1365 de
461 1338 644 1383 corpore
663 1320 813 1365 mortis
831 1320 961 1379 liujus
980 1319 1114 1379 gratia
1131 1319 1207 1363 Dei
1222 1335 1300 1381 per
1319 1321 1465 1362 Jesum

87 1392 315 1439 Christum
347 1393 580 1438 Dominum
601 1405 810 1439 nostruin.

150 1465 335 1510 XXVH.
361 1465 469 1509 Haec
488 1465 621 1523 gratia
646 1465 688 1509 in
711 1466 985 1509 Testainento
1006 1464 1153 1507 Vetere
1165 1461 1466 1506 velatalatita-

85 1535 164 1580 bat
182 1573 192 1590 ‚
219 1553 318 1598 quae
342 1535 387 1580 in
410 1535 573 1580 Christi
601 1535 835 1594 Evangelio
862 1533 1046 1579 revelata
1066 1544 1125 1578 est
1147 1533 1466 1595 dispensatione

86 1615 331 1668 temporum
349 1605 666 1650 ordinatissima
681 1643 691 1658 ,
720 1606 832 1650 sicut
857 1607 966 1649 Deus
988 1605 1108 1649 novit
1133 1614 1290 1649 cuncta
1310 1603 1466 1665 dispo-

86 1693 200 1723 nere.
228 1678 282 1721 Et
306 1676 485 1721 fortasse
505 1675 559 1720 ad
584 1675 691 1721 illud
713 1675 855 1737 ipsum
876 1679 966 1734 ejus
986 1674 1220 1719 latibulum
1248 1674 1435 1737 pertinet
1455 1709 1468 1730 ,

87 1746 208 1809 quod
230 1746 275 1792 in
295 1763 344 1791 eo
363 1745 576 1806 Decalogo
594 1783 604 1799 ‚
632 1747 709 1809 qui
730 1745 858 1790 datus
878 1756 939 1789 est
966 1745 1007 1789 in
1030 1756 1177 1789 monte
1198 1744 1300 1788 Sina
1319 1744 1354 1797 ³,
1383 1744 1471 1788 hoc

88 1817 226 1863 solum
252 1828 475 1881 praecepto
501 1818 687 1876 figurato
708 1817 977 1862 occultatum
1000 1827 1060 1861 est
1079 1854 1089 1871 ‚
1108 1815 1226 1879 quod
1245 1814 1297 1860 ad
1316 1815 1474 1860 sabba-

88 1900 182 1934 tum
207 1889 409 1952 pertinet.
444 1888 692 1934 Sabbatum
723 1899 863 1933 auten]
886 1887 976 1932 dies
1004 1885 1363 1932 sanctificationis
1387 1894 1464 1930 est.

89 1958 180 2005 Nec
202 1969 354 2014 vacat,
377 1958 494 2022 quod
519 1959 629 2004 inter
650 1958 793 2004 omnia
813 1975 943 2020 opera
967 1974 1065 2019 quae
1089 1956 1191 2001 fecit
1218 1956 1357 2009 Deus,
1385 1953 1475 2000 illic

88 2030 233 2093 primo
255 2029 541 2074 sanctificatio
563 2029 738 2083 sonuit,
767 2028 841 2072 ubi
867 2028 921 2072 ab
948 2027 1152 2072 omnibus
1178 2026 1387 2089 operibus
1412 2041 1475 2070 re-

89 2098 281 2162 quievit⁵
307 2116 318 2143 ι
343 2098 458 2144 unde
487 2116 604 2144 nunc
628 2116 713 2143 non
738 2109 800 2142 est
823 2097 1059 2143 disserendi
1084 2097 1218 2143 locus,
1244 2096 1478 2141 Verumta-·

89 2187 212 2226 men,
253 2169 372 2233 quod
399 2170 459 2215 rei
488 2169 540 2215 de
565 2187 649 2232 qua
685 2171 825 2229 agitur
854 2169 953 2214 satis
991 2186 1076 2214 esse
1121 2168 1310 2213 arbitror
1334 2204 1344 2223 ‚
1387 2183 1475 2211 non

89 2240 248 2286 frustra
280 2241 354 2286 illo
387 2241 456 2286 die
484 2242 674 2304 populus
703 2241 759 2286 ab
797 2241 915 2285 omni
941 2257 1069 2303 opere
1102 2238 1244 2284 servili
1265 2237 1480 2283 abstinere

91 2322 341 2375 praeceptus
362 2311 471 2358 est5.
494 2329 581 2374 quo
601 2311 869 2371 significatur
887 2321 1134 2374 peccatum,
1163 2308 1244 2353 nisi
1272 2308 1374 2371 quia
1394 2324 1482 2353 non

92 2399 274 2446 peccare
316 2383 671 2429 sanctificationis
708 2393 795 2438 est,
831 2383 917 2427 hoc
949 2392 1039 2437 est,
1081 2380 1269 2425 muneris
1302 2379 1376 2424 Dei
1404 2396 1482 2442 per

140 2481 151 2503 ¹
172 2481 277 2514 Eccle.
311 2492 341 2525 1,
375 2483 426 2512 18.
452 2499 498 2506 —
519 2480 534 2503 2
553 2482 657 2514 Galat.
677 2495 708 2521 v,
728 2484 760 2521 6,
791 2488 821 2514 et
850 2485 942 2515 Rom,
966 2492 1028 2521 vu,
1050 2492 1103 2512 22.
1130 2495 1175 2503 -
1194 2477 1208 2503 3
1235 2479 1337 2513 Exod.
1359 2490 1411 2511 xx.
1429 2495 1474 2504 --

93 2535 108 2559 ⁴
127 2538 209 2570 Gen.
230 2549 271 2579 ιι,
292 2539 322 2570 3.
344 2555 388 2564 -
406 2536 419 2559 ⁵
437 2538 540 2571 Levit.
557 2550 654 2582 xxm,
676 2551 707 2579 7.
