1763 2838
245 213 518 247 RREvmuws
554 211 844 243 cozmrroms
880 211 971 243 CUM
1007 211 1287 245 DONArisrls.
1394 201 1455 246 83

81 281 321 342 legebatur,
357 281 391 326 si
426 278 640 324 haberent
668 276 835 341 aliquid
876 276 1096 334 dicerent,
1128 281 1334 343 quoniam
1364 280 1453 339 illic

81 351 227 415 potius
245 350 384 415 quarn
402 349 443 395 in
466 347 539 394 illo
563 347 750 393 Cirtensi
765 346 951 393 concilio
976 364 1103 393 causa
1125 348 1386 399 consisteret.

144 421 349 468 XXXIV.
391 421 518 466 Tunc
543 419 781 464 Donatistae
815 419 958 482 ipsum
981 418 1275 466 Melchiadem
1305 440 1458 486 coepe-

81 507 185 537 runt
204 491 384 537 crimine
401 489 644 536 traditionis
665 506 841 548 arguere
857 525 869 544 ,
908 498 951 533 et
987 487 1129 534 dicere
1159 495 1344 551 majores
1362 511 1460 539 suos

81 573 311 625 propterea
330 561 443 607 illius
457 560 676 620 J'udiciuin
702 558 906 618 refugisse
925 558 1072 621 ‚quod
1091 559 1460 609 traditorfuisset:

83 631 204 694 quisi
231 648 318 676 non
334 635 427 690 J'am
445 629 615 690 judicio
639 632 729 689 eJus
755 628 1019 683 assisterent,
1040 639 1082 673 et
1102 631 1469 693 responderantse

81 702 127 747 in
154 700 441 746 Caecilianum
476 718 563 746 non
600 699 762 745 habere
787 697 907 762 quod
943 697 1150 746 dicerent.
1196 702 1277 746 Sed
1317 714 1463 750 tamen

85 769 201 816 facto
221 771 371 830 judice
405 770 572 816 intento
589 808 599 824 ,
630 781 778 815 utrum
810 769 863 814 de
884 768 1129 815 traditionis
1150 771 1331 818 crimine
1356 775 1471 820 Mel—

86 841 254 887 cliiadis
287 841 461 905 aliquod
481 841 700 901 judiciuin
724 879 734 897 ,
768 840 837 886 vel
868 839 1128 903 publicum,
1155 842 1223 888 vel
1247 844 1473 890 ecclesias-

86 911 221 957 ticum
256 912 538 976 proferretur,
570 912 762 975 ipsisque
799 910 1046 956 Catholicis
1070 911 1113 957 id
1140 924 1186 958 ut
1211 915 1473 976 probaretur

83 984 409 1046 expectantibus
448 995 490 1028 et
528 982 822 1043 exigentibus,
851 981 1053 1042 legerunt
1079 985 1321 1031 Donatistae
1359 997 1475 1046 gesta

84 1053 287 1116 quaedani
313 1053 599 1118 prolixissima
613 1052 731 1116 apud
751 1052 1007 1116 praefectum
1025 1090 1034 1107 ,
1056 1053 1133 1098 ubi
1150 1072 1226 1099 nec
1241 1054 1475 1117 praefectus

82 1123 175 1186 ipse
199 1124 449 1184 cujusmodi
470 1136 572 1169 esset
593 1124 861 1186 apparebat,
884 1141 961 1168 nec
985 1123 1106 1168 loeus
1125 1123 1365 1183 legebatur,
1395 1126 1473 1172 ubi

86 1194 185 1239 haec
205 1196 460 1255 agebantur.
487 1194 570 1240 Sed
596 1206 710 1254 gesta
730 1194 822 1256 ipsa
848 1194 1006 1239 multos
1026 1193 1164 1239 multa
1188 1195 1472 1242 ecelesiastica

90 1264 305 1310 tradentes
332 1265 580 1324 longissima
617 1264 868 1309 recitatione
900 1275 1170 1320 sonuerunt,
1210 1265 1287 1311 ubi
1316 1284 1474 1311 nomen

86 1334 348 1381 Melchiadis
366 1335 542 1381 omnino
562 1352 648 1379 non
660 1334 817 1380 sonuit.
841 1333 1016 1390 Quibus
1036 1335 1223 1397 peractis
1242 1354 1342 1382 cum
1363 1338 1474 1397 Cog-

84 1409 201 1454 nitor
227 1409 457 1454 miraretur
482 1407 599 1453 aliud
632 1406 894 1470 promissum
918 1417 959 1452 et
983 1407 1101 1453 aliud
1126 1409 1353 1456 recitatum
1371 1449 1381 1468 ,
1409 1414 1470 1459 illi

86 1479 234 1525 adhuc
255 1483 345 1539 ers
366 1479 621 1542 patientiam
646 1477 927 1541 deposcentes
942 1515 952 1533 ,
980 1489 1095 1538 gesta
1115 1479 1195 1524 alia
1213 1481 1467 1539 recitarunt,

83 1551 126 1595 in
145 1551 305 1613 quibus
324 1550 548 1608 legebatur
575 1548 840 1594 Meleliiades
865 1548 1024 1593 misisse
1046 1549 1252 1595 diaconos
1275 1570 1375 1597 cum
1399 1553 1467 1599 lit-

85 1621 183 1666 teris
211 1620 414 1665 Maxentii
439 1620 711 1682 imperatoris
729 1630 771 1664 et
795 1619 948 1664 litteris
970 1619 1167 1682 praefecti
1189 1624 1394 1683 praetorio
1415 1625 1471 1671 ad

83 1690 341 1754 praefectum
368 1690 489 1736 urbis
509 1728 519 1746 ,
544 1701 590 1735 ut
610 1708 657 1735 ea
680 1690 922 1752 reciperent
941 1707 1040 1752 quae
1064 1702 1255 1754 tempore
1274 1711 1471 1756 persecu-

85 1761 213 1807 tionis
250 1760 392 1806 ablata
427 1771 689 1806 memoratus
715 1761 958 1823 Imperator
996 1760 1255 1807 Christianis
1284 1767 1468 1823 Jusserat

85 1830 223 1878 reddi.
252 1832 308 1876 Et
331 1848 430 1877 cum
456 1830 525 1875 his
552 1847 728 1894 qnoque
759 1830 883 1890 gestis
906 1830 1076 1876 nullum
1102 1831 1355 1880 Melchiadis
1378 1836 1468 1882 eri-

84 1920 183 1947 men
208 1914 250 1947 et
282 1901 509 1961 Cognitori
542 1912 582 1946 et
612 1900 853 1946 Catholicis
885 1900 1181 1947 defensoribus
1211 1919 1465 1967 appareret,

84 1972 285 2017 dixerunt
316 1972 583 2027 Donatistae,
621 1971 868 2016 Stratonem
909 1970 1169 2028 diaconum,
1209 1991 1338 2037 quem
1367 1994 1468 2024 cum

86 2043 179 2088 aliis
204 2041 473 2088 Melchiades
495 2042 549 2087 ad
574 2040 824 2104 recipienda
850 2040 943 2086 loea
967 2041 1254 2090 ecclesiastica
1275 2048 1463 2106 miserat,

84 2113 380 2176 superioribus
398 2113 523 2172 gestis
543 2112 775 2157 recitatum
802 2130 886 2156 esse
908 2112 1154 2158 traditorem
1172 2135 1183 2168 ;
1204 2126 1246 2160 et
1264 2117 1361 2162 ideo
1382 2136 1465 2165 vo-

82 2183 231 2228 lebant
258 2183 386 2227 etiam
414 2182 706 2227 Melchiadem
736 2182 915 2226 crimine
947 2182 1192 2229 traditionis
1214 2203 1459 2249 aspergere,

85 2252 203 2317 quod
228 2252 413 2297 diacono
447 2252 521 2297 illo
551 2269 638 2297 non
669 2251 905 2311 degradato
941 2263 1143 2301 uteretur.
1178 2255 1229 2300 In
1253 2274 1465 2319 prosecu-

87 2325 200 2371 tione
217 2334 359 2369 autem
378 2340 452 2369 sua
471 2323 671 2370 dixerunt
700 2322 987 2369 Melchiadem
1015 2325 1190 2370 ternum
1209 2328 1465 2393 episcopum

84 2396 211 2441 fuisse
237 2394 292 2439 ab
319 2393 420 2449 illo,
448 2396 521 2458 qui
549 2407 653 2441 tunc
677 2405 767 2440 erat
787 2412 886 2439 cum
911 2395 1083 2441 traditio
1104 2396 1176 2442 illa
1198 2396 1312 2444 facta
1337 2414 1457 2451 esset.

85 2466 170 2512 Hic
196 2464 407 2525 Cognitor
433 2466 684 2530 requisivit,
716 2476 861 2511 utrum
884 2464 1029 2510 saltem
1054 2465 1198 2513 inillis
1219 2468 1463 2519 traditionis

84 2537 211 2599 gestis
227 2546 336 2585 esset
357 2552 604 2602 expressum
617 2575 631 2597 ,
652 2536 774 2603 quod
804 2536 981 2584 Straton
1001 2535 1210 2586 diaconus
1227 2538 1374 2606 fuerit.
1406 2546 1464 2592 Et:

1284 2616 1331 2666 6·
