1763 2838
226 184 498 220 BREVICULUS
533 185 825 220 COLLATIONIS
862 186 954 221 CUM
990 185 1270 221 DONATISTIS.
1376 176 1433 223 81

60 253 273 318 potuisse,
297 254 535 300 Donatistis
567 254 853 311 instantibus,
878 265 926 300 ut
946 254 1032 300 boc
1059 273 1102 300 ex
1128 255 1221 301 aliis
1244 256 1442 303 conciliis

61 325 359 380 ostender,ent
383 326 417 371 si
442 325 586 403 aliquo
611 325 1253 388 tempoiepersecutionissacta
1274 328 1440 390 episco-

59 413 219 474 porum
246 396 432 442 concilia
436 395 637 474 ‘reperim
654 395 909 459 potuissent.
942 395 1074 451 Ouod
1095 395 1315 442 Catholici
1333 415 1442 461 quo-

58 467 174 513 niam
199 477 304 513 tunc
324 466 541 531 inquirere
567 476 608 511 et
639 465 693 510 ad
732 466 888 511 horam
919 475 1079 511 veteres
1104 466 1277 512 chartas
1304 467 1349 512 in
1370 486 1443 513 ai·-

58 537 198 582 chivis
216 536 512 584 ecclesiasticis
527 535 741 581 discutere
764 553 851 580 non
869 545 1095 598 poterant,
1118 536 1363 600 respondeb
1369 549 1442 583 1nt

57 607 197 652 multo
229 607 400 652 facilius
425 606 659 652 duodecim
693 605 892 650 homines
921 605 967 650 in
1002 605 1185 651 domum
1211 608 1443 654 convenire

56 677 248 739 potuisse
279 694 327 722 eo
351 687 546 739 tempore
562 714 572 732 ‚
602 692 691 739 quo
715 675 845 720 etiam
871 676 1223 735 congregationes
1243 678 1442 739 plebium

56 747 148 792 fieri
177 747 397 802 solebant,
421 746 621 810 quamvis
643 745 942 809 persecutione
962 746 1175 802 fervente,
1203 747 1315 792 sicut
1340 749 1443 812 ipsis

57 818 182 876 gestis
207 819 451 880 Martyrum
472 817 819 871 monstrabatur,
837 818 913 880 qui
934 817 1257 862 confitebantur
1279 819 1323 863 in
1344 836 1443 882 pas-

55 891 249 936 sionibus
264 892 350 937 suis
369 907 410 936 se
427 889 651 936 collectam
664 900 705 935 et
723 889 1004 934 Dominicum
1020 890 1164 949 egisse.
1183 891 1279 936 Hoc
1298 903 1443 937 autem

57 960 275 1007 Catholici
294 961 515 1015 dixerant,
537 971 580 1005 et
598 970 833 1022 antequam
859 971 1122 1023 supputaret
1143 971 1183 1006 et
1203 962 1444 1024 responde-

54 1042 118 1077 ret
146 1032 369 1078 Officium.
403 1032 583 1077 Dictum
604 1042 665 1076 est
686 1031 815 1076 etiam
838 1049 860 1076 a
888 1031 1154 1088 Catholicis,
1178 1032 1442 1095 episcopalia

55 1113 166 1162 gesta
183 1103 255 1148 illa
272 1103 484 1148 Cirtensia
500 1139 510 1157 ,
529 1118 628 1164 quae
644 1101 866 1160 diligentia
886 1106 1099 1161 majorum
1117 1119 1252 1165 usque
1271 1102 1324 1148 ad
1342 1103 1440 1149 baec

53 1183 253 1237 tempora
281 1174 438 1220 servari
456 1184 495 1217 et
512 1173 695 1217 inveniri
716 1173 966 1235 potuerint,
987 1173 1045 1217 sie
1069 1172 1271 1218 habenda
1288 1191 1440 1236 quem-

53 1242 290 1289 admodum
311 1243 397 1289 illae
420 1242 616 1305 epistolae
643 1242 851 1287 Mensurii
879 1254 919 1287 et
956 1242 1176 1297 Secundi,
1203 1261 1310 1306 quas
1339 1246 1437 1289 Do-

51 1314 220 1360 natistae
244 1314 551 1359 recitaverunt.
585 1312 834 1357 Concilium
868 1313 1034 1376 quippe
1065 1313 1435 1373 Carthaginense,

52 1384 130 1430 ubi
173 1385 393 1430 absentem
442 1383 730 1429 Caecilianum
772 1384 1045 1446 septuaginta
1085 1384 1434 1441 damnaverunt,

51 1466 439 1501 commemoratum
473 1464 535 1500 est
574 1455 700 1499 etiam
725 1472 747 1499 a
774 1454 1044 1510 Melchiade,
1082 1455 1331 1512 babitum‘2,
1360 1458 1438 1503 ubi

51 1524 315 1571 Caecilianus
339 1536 400 1571 est
431 1524 668 1570 absolutus.
704 1524 880 1570 Litterae
916 1542 1015 1570 vero
1042 1524 1127 1570 illa)
1166 1527 1372 1571 Mensurii
1397 1539 1438 1572 et

51 1595 241 1642 Secundi
264 1612 478 1658 nusquam
504 1595 609 1640 alibi
637 1606 991 1640 commemoratae
1012 1595 1293 1652 dicebantur,
1321 1598 1437 1643 unde

47 1665 170 1711 nullo
204 1666 287 1711 alio
313 1665 559 1711 testimonio
589 1664 744 1709 veritas
769 1682 917 1710 earum
944 1666 1226 1721 asserebatur,
1264 1685 1340 1712 nec
1367 1678 1437 1713 ta—

47 1753 148 1781 men
166 1736 262 1782 ideo
286 1736 493 1782 dicebant
514 1735 736 1780 Catholici
754 1734 832 1780 fals
837 1753 880 1780 as
901 1752 1000 1781 esse.
1027 1736 1204 1781 Dictum
1224 1747 1285 1781 est
1304 1738 1373 1783 eti
1366 1757 1435 1784 tm

48 1806 135 1852 hoc
148 1825 170 1852 a
187 1807 457 1861 Catholicis,
479 1818 527 1851 ut
550 1805 790 1869 probaient
809 1806 1046 1851 Donatistae
1063 1806 1095 1851 si
1113 1818 1306 1869 possent,
1332 1819 1435 1854 tem-

47 1893 153 1939 pore
179 1877 490 1941 persecutionis
513 1877 574 1932 sic
595 1875 649 1921 ad
677 1894 717 1922 se
737 1877 809 1923 inx
815 1877 922 1922 icem
949 1877 1165 1955 sC1ipsisse
1182 1878 1428 1942 episcopos,

47 1947 420 2008 quemadmodum
444 1947 709 1992 Mensurium
736 1958 777 1992 et
803 1947 1054 1992 Secundum
1079 1948 1299 2011 sc1ipsisse
1323 1968 1434 2013 plo—

44 2016 257 2064 ferebant.
287 2018 418 2074 Quod
439 2036 526 2063 non
548 2018 645 2064 ideo
664 2018 1433 2072 dicebantCatbolici,11t11i11C1llas

46 2087 256 2134 Mensurii
282 2100 323 2135 et
346 2089 537 2135 Secundi
561 2089 724 2135 litteras
742 2089 867 2135 falsas
891 2107 977 2135 esse
999 2100 1307 2145 monstrarent,
1330 2109 1432 2154 quae

45 2174 118 2203 seu
142 2175 255 2204 x‘erae
284 2176 357 2205 seu
375 2158 494 2206 falsae
519 2171 679 2215 essent,
706 2177 847 2205 causa-3
868 2160 981 2205 nihil
1001 2160 1222 2205 officerent
1244 2178 1254 2204 :
1284 2161 1356 2206 sed
1384 2173 1432 2208 ut

44 2227 152 2273 hinc
177 2228 464 2289 intelligerent
495 2230 736 2276 Donatistae
752 2267 762 2285 ,
791 2248 921 2293 quam
945 2247 1057 2275 vana
1079 2230 1430 2289 tergiversatione

47 2299 301 2345 Catholicos
339 2312 541 2361 cogerent
566 2301 648 2347 alia
674 2301 867 2365 proferre
908 2301 1093 2347 concilia
1119 2302 1431 2363 persecutionis

46 2380 240 2432 tempore
263 2382 517 2432 congregata
541 2389 552 2416 ε
580 2372 683 2435 quia
709 2372 818 2417 sicis
843 2371 971 2417 simili
992 2371 1283 2417 obstinatione
1307 2372 1429 2419 dice-

44 2451 182 2497 retur,
202 2440 398 2488 Proferte
412 2453 454 2489 et
471 2460 548 2490 vos
566 2443 668 2491 alias
685 2443 889 2508 epistolas
906 2443 1217 2508 persecutionis
1232 2452 1428 2508 tempore

93 2523 105 2546 ¹
123 2526 216 2557 Forte
233 2523 398 2568 injudicio
416 2525 542 2562 habito.

210 2592 304 2625 ext.
1267 2578 1298 2625 6
