1763 2838
340 143 434 197 324
748 153 783 182 s,
825 150 1068 183 AUGUSTINI
1104 152 1303 184 EP1scoP1

339 222 458 280 Quid
477 219 609 282 igitur
623 232 733 282 opus
749 225 811 261 est
829 226 877 261 ut
897 215 1061 262 Christi
1078 219 1205 264 morti
1224 235 1301 283 per
1320 217 1587 282 baptismum
1607 236 1708 267 con-

335 294 544 340 formetur
566 287 798 354 parvulus‚
842 287 875 332 si
905 304 1049 333 morsu
1087 290 1294 352 serpentis
1325 307 1414 336 non
1447 301 1508 337 est
1532 292 1708 337 omnino

336 364 599 412 venenatus?

396 434 536 480 LXII.
561 428 726 476 Deinde
743 427 802 473 sic
816 438 1128 491 consequenter
1151 428 1259 474 dicit
1277 447 1287 473 :
1309 450 1328 470 α
1343 434 1462 476 Deus
1483 431 1543 476 Sic
1558 431 1705 478 dilexit

332 527 353 547 n
379 503 593 550 mundum
608 538 618 557 ,
642 510 691 545 ut
711 498 868 544 Filium
888 514 1014 543 suum
1036 498 1305 558 unigenitum
1327 499 1449 545 daret
1467 520 1478 553 ;
1505 511 1552 546 ut
1571 503 1710 548 omnis

330 597 350 616 >2
375 575 451 639 qui
469 572 607 619 credit
630 571 673 616 in
698 586 796 615 eum
812 606 823 625 ,
854 586 942 614 non
962 579 1126 632 pereat,
1144 569 1216 614 sed
1239 569 1403 615 habeat
1426 571 1559 616 vitam
1583 583 1709 618 aeter-

329 667 349 687 ))
371 663 470 691 nam
491 645 525 690 ¹.
552 666 571 685 η
588 642 812 687 Periturus
832 650 924 684 erat
938 656 1036 698 ergo
1057 639 1266 702 parvulus
1284 657 1363 686 nec
1390 641 1622 687 habiturus
1646 643 1709 689 vi-

328 727 413 761 tam
434 726 657 767 aeternam,
683 711 715 756 si
736 727 814 773 per
833 720 1147 754 sacramentum
1176 710 1383 772 baptismi
1406 728 1492 756 non
1508 712 1701 758 crederet

323 788 368 832 in
387 785 656 845 unigenitum
696 781 774 826 Dei
802 780 958 825 Filium
973 817 983 835 ‚
1009 780 1114 825 dum
1139 780 1310 825 interim
1333 782 1393 826 sic
1412 782 1528 827 venit
1546 793 1594 827 ut
1616 800 1706 829 non

320 857 488 916 J'udicet
523 852 736 900 mundum
755 887 766 906 ,
793 849 865 895 sed
891 860 940 895 ut
975 850 1164 896 salvetur
1188 850 1376 896 mundus
1408 869 1486 914 per
1517 852 1662 915 ipsum
1687 871 1697 898 :

322 927 561 991 praesertim
592 922 692 986 quia
720 921 914 984 sequitur
939 930 980 964 et
1003 920 1112 966 dicit
1136 939 1146 965 ε
1166 942 1186 961 «
1208 921 1296 977 Qui
1321 921 1459 967 credit
1492 922 1536 967 in
1571 940 1670 968 eum
1691 961 1700 979 ‚

323 1020 342 1039 ))
362 1015 449 1043 non
465 995 691 1056 judicatur
713 991 815 1054 :qui
836 1000 977 1035 autem
995 990 1348 1050 noncredit‚ja1n
1368 991 1590 1050 judicatus
1608 1004 1670 1038 est
1689 1014 1700 1047 3

322 1089 342 1109 ³>
370 1067 473 1130 quia
493 1082 580 1110 non
599 1061 784 1108 credidit
802 1060 846 1104 in
864 1059 1039 1104 nomine
1059 1059 1268 1119 unigeniti
1290 1060 1386 1105 Filii
1409 1061 1487 1107 Dei
1509 1061 1541 1107 ².
1570 1083 1590 1102 »
1617 1062 1706 1107 Ubi

319 1154 420 1197 ergo
437 1133 643 1199 parvulos
661 1131 864 1195 ponimus
882 1130 1143 1192 baptizatos,
1166 1130 1245 1174 nisi
1275 1130 1388 1175 inter
1406 1131 1569 1187 fideles,
1590 1132 1704 1177 sicut

319 1208 529 1253 universae
558 1203 723 1266 ubique
747 1200 953 1246 Ecclesiae
978 1200 1138 1244 clamat
1163 1201 1422 1247 auctoritas?
1454 1204 1568 1262 Ergo
1593 1201 1702 1248 inter

311 1296 380 1323 eos
405 1278 481 1341 qui
499 1273 800 1327 crediderunt3
823 1271 909 1315 hoc
929 1271 1043 1315 enim
1065 1271 1123 1315 eis
1143 1271 1384 1333 acquiritur
1400 1290 1476 1334 per
1496 1273 1701 1318 virtutem

315 1345 571 1393 sacramenti
605 1354 646 1388 et
663 1340 933 1387 offerentium
956 1341 1278 1402 responsionem
1306 1358 1316 1385 ε
1346 1358 1395 1386 ac
1422 1358 1500 1404 per
1520 1341 1606 1387 hoc
1630 1360 1699 1387 eos

315 1418 392 1482 qui
416 1414 624 1480 baptizati
663 1429 751 1457 non
779 1421 896 1465 sunt,
932 1410 1043 1454 inter
1078 1427 1149 1455 eos
1173 1410 1248 1472 qui
1273 1427 1361 1455 non
1400 1411 1694 1458 crediderunt.

315 1490 452 1534 Porro
480 1487 515 1532 si
534 1485 596 1531 illi
614 1484 690 1547 qui
704 1482 913 1545 baptizati
938 1491 1067 1535 sunt,
1089 1498 1176 1525 non
1195 1480 1468 1540 judicantur,
1499 1482 1565 1527 isti
1600 1483 1701 1545 quia

314 1569 463 1604 carent
483 1553 992 1620 baptismojudicantur.
1025 1551 1155 1607 Quod
1180 1569 1278 1596 vero
1298 1551 1497 1612 adjungit
1525 1570 1574 1597 z«
1597 1554 1694 1598 lloc

314 1651 333 1670 »
360 1640 421 1674 est
447 1638 589 1672 autem
606 1623 845 1684 judicium,
874 1622 975 1685 quia
1001 1621 1071 1666 lux
1094 1622 1269 1666 venitin
1296 1622 1530 1679 mundum,
1553 1633 1593 1667 et
1619 1622 1692 1668 di-

316 1722 335 1740 »
359 1699 551 1743 lexerunt
567 1695 765 1740 homines
786 1693 981 1737 tenebras
996 1693 1130 1751 magis
1142 1709 1273 1755 quam
1287 1692 1427 1738 lucem
1444 1693 1476 1739 3.
1504 1715 1524 1733 »
1538 1694 1664 1738 Unde
1683 1730 1693 1744 ‚

316 1790 334 1809 «
362 1770 453 1813 Lux
475 1766 593 1812 venit
616 1765 661 1809 in
686 1763 921 1817 mundum,
945 1784 965 1803 )>
986 1762 1065 1806 nisi
1085 1762 1138 1806 de
1157 1779 1233 1807 suo
1255 1762 1361 1807 dicit
1383 1763 1693 1816 adventu‚sine

315 1842 439 1898 cujus
464 1837 672 1882 adventus
688 1842 956 1878 sacramento
981 1832 1204 1894 quomodo
1242 1833 1415 1895 parvuli
1435 1851 1520 1879 esse
1537 1834 1690 1878 dicun-

314 1920 384 1953 tur
402 1908 446 1953 in
464 1907 592 1952 lucei)
620 1906 706 1950 Aut
728 1902 952 1965 quomodo
970 1918 1060 1946 non
1082 1912 1122 1946 et
1143 1902 1229 1947 hoc
1256 1903 1298 1947 in
1323 1903 1552 1948 dilectione
1577 1914 1696 1948 tene—

313 1979 492 2023 brarum
523 1976 707 2021 habent.
736 1973 810 2035 qui
851 1971 1225 2035 quemadmodum
1246 1973 1328 2035 ipsi
1366 1991 1451 2018 non
1484 1974 1693 2028 credunt,

313 2050 373 2093 sic
408 2064 486 2092 nee
526 2043 812 2108 baptizandos
841 2059 938 2087 suos
970 2042 1177 2105 parvulos
1204 2043 1489 2098 arbitrantur,
1516 2042 1694 2106 quando

313 2119 372 2163 eis
396 2127 577 2162 mortem
601 2114 795 2176 corporis
819 2113 1004 2157 timent?
1026 2132 1046 2152 «
1073 2113 1124 2156 In
1151 2113 1240 2156 Deo
1267 2123 1411 2157 autem
1443 2113 1551 2158 dicit
1579 2111 1692 2157 facta

310 2211 329 2230 >>
343 2206 473 2252 opera
484 2191 518 2247 ej
528 2203 591 2237 us,
607 2185 681 2248 qui
695 2184 811 2230 venit
832 2181 886 2228 ad
902 2182 1066 2228 lucen14
1084 2203 1095 2236 ς
1113 2203 1133 2223 >)
1148 2183 1248 2242 quia
1261 2183 1461 2243 intelligit
1476 2183 1688 2242 justifica-

313 2260 473 2303 tionem
499 2273 618 2302 suam
643 2272 729 2299 non
756 2253 809 2298 ad
828 2270 901 2298 sua
918 2253 1085 2308 merita,
1113 2252 1185 2298 sed
1207 2253 1260 2298 ad
1292 2253 1366 2298 Dei
1389 2253 1569 2313 gratiam
1588 2269 1692 2315 per-

310 2329 456 2373 tinere.
482 2348 502 2367 «
531 2327 645 2371 Deus
663 2335 723 2370 est
747 2323 861 2368 enim
879 2359 890 2379 ‚
917 2323 1061 2386 inquit
1089 2323 1347 2385 Apostolus,
1376 2323 1451 2386 qui
1487 2332 1692 2386 operatur

356 2438 479 2470 ¹Joau.
497 2446 549 2477 ιιι,
570 2435 623 2466 16.
637 2450 682 2457 -
696 2431 809 2466 21bid.
835 2433 888 2465 18.
905 2449 946 2456 —
965 2429 1411 2473 ³1bid.19.--⁴11›id,21,
