1763 2838
247 203 336 252 270
663 202 698 232 S.
741 201 984 232 AUGUSTINI
1021 201 1223 231 EPISCOPI

246 267 577 331 consumptione
607 265 867 319 reficiunt13
897 265 969 311 sed
1001 283 1049 311 ex
1075 283 1161 329 quo
1185 266 1383 311 translati
1406 276 1534 322 sunt,
1561 266 1619 311 ita

247 337 423 405 yivuiit,
451 348 499 382 ut
530 336 711 382 similem
735 335 927 381 habeant
959 336 1194 381 satietatem
1230 336 1311 381 illis
1335 336 1621 399 quadraginta

248 408 400 454 diebus
419 444 429 462 ,
456 407 616 469 quibus
640 405 753 451 Elias
770 423 815 452 ex
835 405 969 451 calice
993 422 1117 467 aquae
1138 416 1179 450 et
1200 423 1246 450 ex
1265 405 1474 467 collyride
1498 406 1622 468 panis

250 479 338 524 sine
360 477 461 522 cibo
481 477 585 522 vixit
607 493 617 521 ε
645 486 720 521 aut
737 476 771 521 si
791 486 832 521 et
856 475 925 520 his
941 475 1239 521 sustentaculis
1258 492 1369 537 opus
1391 486 1453 520 est
1471 512 1482 531 ,
1501 476 1560 520 ita
1578 475 1622 520 in

248 547 451 612 paradiso
489 545 665 593 fortasse
702 557 944 609 pascuntur
962 583 972 603 ,
1021 546 1132 590 sicut
1174 545 1312 591 Adam
1348 546 1467 608 prius
1491 562 1623 608 quam

248 630 430 685 propter
448 628 677 681 peccatum
699 616 848 661 exinde
868 617 978 661 exire
1005 615 1239 661 meruisset.
1270 615 1472 660 Habebat
1488 616 1621 670 enim,

248 700 461 754 quantum
482 687 673 733 existimo
694 723 704 743 ,
731 697 772 732 et
797 686 849 731 de
870 686 1088 745 lignorum
1107 684 1326 730 fructibus
1350 684 1625 730 refectionem

252 772 402 808 contra
430 758 713 805 defectionem
734 795 744 814 ‚
772 769 814 804 et
834 758 886 804 de
911 758 1030 818 liguo
1058 758 1159 803 vitae
1183 755 1458 802 stabilitatem
1477 765 1626 801 contra

251 840 522 879 vetustatem.

318 901 393 947 IV.
441 902 606 946 Praeter
636 899 724 944 hoc
769 908 910 943 autem
948 897 1067 961 quod
1103 895 1287 960 puniens
1322 901 1440 942 Deus
1483 895 1592 942 dixit
1614 912 1623 939 ε

252 993 272 1013 α
298 972 431 1016 Terra
451 987 516 1026 es,
540 980 581 1014 et
604 969 648 1014 in
674 980 832 1014 terram
853 968 966 1013 ibis2
981 1004 992 1023 ,
1015 990 1035 1008 »
1056 967 1175 1030 quod
1194 967 1274 1012 nisi
1293 967 1345 1012 de
1367 977 1504 1012 morte
1523 983 1625 1011 cor-

252 1042 371 1106 poris
393 1039 616 1105 quomodo
641 1038 822 1098 intelligi
845 1038 979 1101 possit
1004 1037 1181 1096 ignor03
1210 1047 1310 1082 sunt
1335 1047 1375 1081 et
1402 1036 1485 1082 alia
1511 1035 1631 1081 testi-

254 1112 400 1159 monia
423 1112 583 1175 quibus
611 1109 926 1156 evidentissime
958 1118 1196 1171 appareat,
1231 1124 1318 1152 11011
1344 1118 1512 1152 tantum
1538 1106 1632 1169 spi-

254 1185 363 1229 ritus
381 1220 391 1238 ‚
438 1181 510 1227 sed
550 1180 678 1226 etiam
719 1180 913 1242 corporis
954 1188 1138 1223 mortem
1180 1189 1360 1240 propter
1400 1187 1630 1240 peccatum

256 1252 456 1298 meruisse
475 1267 605 1311 genus
626 1250 885 1295 humanum.
915 1248 982 1294 Ad
1003 1249 1223 1293 Romanos
1244 1247 1474 1310 Apostolus
1491 1245 1598 1292 dicit
1618 1263 1629 1290 ι

257 1344 278 1365 α
304 1324 351 1369 Si
374 1333 517 1369 autem
539 1321 741 1366 Christus
774 1320 818 1364 in
842 1318 967 1365 vobis
990 1329 1052 1364 est
1071 1355 1081 1374 ,
1111 1334 1273 1380 corpus
1305 1317 1482 1381 quidem
1510 1333 1633 1361 mor-

258 1404 422 1439 »tuum
447 1402 508 1438 est
546 1401 727 1453 propter
756 1400 1014 1453 peecatum,
1054 1387 1230 1450 spiritus
1271 1397 1413 1432 autem
1448 1386 1537 1432 vita
1573 1395 1635 1430 est

257 1484 279 1506 »
296 1473 479 1527 propter
496 1460 725 1522 justitiam.
771 1459 815 1504 Si
852 1475 951 1518 ergo
985 1458 1164 1521 spiritus
1189 1460 1279 1516 ejus
1302 1457 1380 1520 qui
1412 1456 1635 1502 suscitavit

260 1556 281 1577 »
300 1536 324 1579 J
330 1551 448 1580 esum
469 1551 492 1579 a
513 1531 695 1577 mortuis
714 1530 888 1575 habitat
908 1529 952 1574 in
975 1529 1096 1574 vobis
1113 1565 1123 1583 ‚
1144 1528 1218 1591 qui
1238 1528 1459 1573 suscitavit
1479 1526 1636 1572 Chris-

260 1626 281 1648 »
300 1616 394 1651 tum
418 1604 565 1655 Jesum
590 1619 613 1647 a
647 1601 851 1656 mortuis,
887 1599 1131 1645 vivificabit
1155 1609 1196 1644 et
1217 1598 1418 1643 mortalia
1452 1614 1637 1660 corpora

260 1697 281 1718 )>
302 1685 464 1729 vestra,
506 1689 585 1736 per
617 1671 938 1717 inhabitantem
972 1669 1174 1732 spiritum
1213 1672 1304 1727 eius
1345 1668 1390 1713 in
1424 1666 1591 1713 vobisss.
1617 1687 1637 1708 »

260 1749 374 1790 Puto
398 1742 518 1806 quod
544 1758 633 1787 non
662 1741 922 1803 expositore,
946 1738 1018 1783 sed
1041 1749 1208 1784 tantum
1239 1737 1397 1783 lectore
1418 1754 1527 1800 opus
1555 1736 1638 1782 ha-

262 1816 338 1861 bet
355 1826 443 1860 tam
464 1813 581 1858 clara
601 1822 642 1857 et
663 1821 808 1874 aperta
831 1809 1052 1855 sententia.
1083 1831 1102 1850 «
1121 1810 1293 1871 Corpus
1307 1845 1316 1863 ,
1331 1809 1474 1872 inquit
1493 1844 1502 1864 ,
1526 1824 1638 1852 mor-

262 1896 426 1931 »tuum
450 1893 511 1929 est
528 1919 539 1939 ,
563 1904 582 1924 n
619 1898 707 1926 non
743 1890 924 1944 propter
960 1878 1238 1938 fragilitatem
1263 1889 1474 1923 terrenam
1493 1914 1503 1933 ,
1537 1877 1640 1940 quia

265 1956 319 2001 de
338 1966 461 2000 terrae
484 1952 664 2016 pulvere
693 1951 859 1997 factum
880 1961 941 1996 est
958 1986 969 2007 ‚
997 1949 1069 1994 sed
1093 1970 1114 1990 «
1137 1950 1321 2011 Propter
1344 1962 1596 2011 peceatum,
1621 1969 1640 1988 »

263 2026 370 2090 quid
395 2024 581 2088 amplius
600 2022 867 2086 quaerimus‘?
895 2023 950 2066 Et
975 2019 1296 2080 vigilantissime
1314 2036 1403 2064 non
1425 2018 1500 2075 ait,
1527 2034 1641 2063 mor-

265 2097 375 2150 tale;
402 2095 475 2141 sed
501 2117 520 2136 <‹
545 2094 785 2139 Mortuum.
812 2114 831 2133 >>

331 2167 383 2214 V.
428 2166 627 2227 Namque
664 2173 896 2225 antequam
934 2161 1241 2206 immutaretur
1268 2160 1313 2205 in
1347 2159 1466 2204 illam
1494 2158 1642 2204 incor-

262 2238 510 2300 ruptionem
527 2271 538 2290 ‚
559 2251 657 2297 quae
677 2233 721 2278 in
741 2243 989 2278 sanctorum
1015 2232 1326 2276 resurrectione
1346 2229 1637 2293 promittitur,

264 2318 433 2372 poterat
457 2322 542 2351 esse
563 2303 763 2359 mortale,
783 2302 983 2366 quamvis
1002 2319 1089 2346 11011
1110 2302 1368 2346 moriturum
1393 2317 1402 2343 z
1425 2299 1536 2344 sicut
1556 2298 1642 2344 hoc

261 2392 458 2428 nostrum
482 2388 650 2441 potest,
679 2388 727 2422 ut
750 2377 810 2422 ita
835 2375 977 2421 dicam
993 2411 1004 2430 ‚
1031 2391 1117 2419 esse
1138 2372 1388 2433 aegrotabile
1407 2409 1418 2427 ,
1445 2372 1643 2434 quamvis

267 2470 357 2498 non
377 2459 704 2510 aegrotaturum.
731 2448 867 2506 CuJus
893 2445 1005 2491 enim
1025 2461 1125 2489 caro
1144 2454 1204 2488 est
1224 2480 1234 2498 ‚
1266 2459 1366 2506 quae
1390 2458 1475 2486 11011
1503 2458 1643 2500 aegro-

320 2535 330 2556 ¹
355 2536 371 2564 3
390 2536 468 2573 ch.
485 2542 552 2567 xix,
571 2532 601 2563 8.
619 2548 663 2552 —
687 2528 702 2551 ⁴2
724 2532 803 2559 Cen.
823 2539 943 2567 111,19.
959 2544 1002 2549 --
1023 2523 1240 2565 31z0·n.x·111‚
1266 2535 1311 2554 ro.
