1763 2838
326 130 420 186 546
754 144 791 176 s.
831 143 1073 178 Aueusrtm
1108 146 1311 180 Erlscom

325 210 612 274 eloquiorum.
655 228 677 250 «
701 208 788 255 Sed
810 209 928 267 haec,
947 210 1150 274 inquam,
1172 214 1318 260 omnia
1343 213 1572 262 hominum
1594 229 1695 265 sunt

325 299 452 330 voees
473 299 522 327 ex
542 280 618 326 illa
636 281 784 328 mortis
815 280 1091 328 damnatione
1110 284 1389 333 venientium.
1425 287 1537 332 Nam
1557 287 1694 334 sinon

323 365 386 400 est
401 354 480 399 ista
495 368 630 416 poena
641 351 847 408 hominis,
861 352 934 397 sed
951 363 1122 409 natura,
1136 353 1253 400 nulla
1266 355 1345 400 ista
1356 367 1535 418 peecata
1549 368 1693 405 sunt.»

324 423 492 471 Deinde
509 422 642 486 paulo
663 432 760 485 post
783 439 793 466 ε
820 443 839 463 ε(
858 422 1138 485 Relinquitur
1158 441 1279 485 ergo,
1303 425 1500 489 inquam,
1522 437 1569 472 ut
1594 427 1693 473 haec

319 513 454 562 poena
473 499 590 555 justa
608 492 662 539 de
684 492 960 538 damnatione
979 493 1168 539 hominis
1191 495 1348 541 veniat.
1374 518 1393 536 >2
1414 498 1500 541 Nec
1526 497 1690 542 miran-

320 567 428 614 dum
455 575 546 621 est,
575 563 695 627 quod
729 562 795 610 vel
820 563 1060 622 ignorando
1084 582 1171 609 non
1204 565 1339 611 habet
1363 565 1549 612 liberum
1571 567 1693 613 arbi-

319 640 454 684 trium
475 633 712 682 voluntatis
741 632 795 679 ad
820 633 1065 693 eligendum
1087 634 1195 697 quid
1220 646 1333 680 reete
1357 636 1513 691 faciat,
1539 636 1607 683 vel
1629 654 1692 682 re-

319 709 491 755 sistente
530 704 693 752 carnali
737 703 1047 749 consuetudine
1070 741 1080 760 ,
1124 721 1223 767 quae
1261 705 1464 752 violentia
1498 706 1692 753 mortalis

319 776 596 826 successionis
622 774 812 837 quodam
853 772 984 818 modo
1016 774 1271 820 naturaliter
1304 775 1513 830 inolevit,
1546 775 1691 823 videat

317 849 426 914 quid
448 857 562 893 recte
584 844 833 891 faciendum
851 844 921 900 sit,
943 854 985 889 et
1003 844 1122 900 velit,
1147 862 1226 891 nec
1244 846 1379 909 possit
1394 846 1588 908 implere.
1611 846 1690 892 llla

314 929 377 966 est
395 917 508 965 enim
526 914 697 980 peccati
713 930 845 977 poena
859 913 1116 973 justissima,
1145 926 1192 960 ut
1209 916 1377 962 amittat
1398 916 1582 979 quisque
1600 933 1688 978 quo

313 991 425 1036 bene
449 988 514 1034 uti
532 986 689 1042 noluit,
718 1002 818 1031 cum
839 985 929 1030 sine
953 984 1042 1030 ulla
1066 996 1210 1048 posset
1230 986 1502 1042 difficultate,
1538 986 1571 1031 si
1595 986 1687 1032 vel·

313 1060 375 1106 let
397 1077 407 1105 ε
434 1058 480 1104 id
497 1068 558 1103 est
577 1067 739 1110 autem,
766 1065 814 1100 ut
838 1055 915 1118 qui
937 1055 1073 1100 sciens
1102 1067 1217 1101 recte
1236 1073 1324 1102 non
1352 1055 1456 1102 facit
1472 1093 1483 1111 ,
1520 1056 1690 1103 amittat

311 1131 419 1176 scire
444 1128 552 1193 quid
576 1137 742 1173 rectum
770 1126 823 1171 sit
841 1144 853 1179 ς
874 1136 915 1170 et
930 1126 1006 1188 qui
1034 1136 1149 1171 reete
1165 1126 1305 1172 faeere
1328 1143 1428 1173 cum
1453 1137 1596 1189 posset
1611 1143 1688 1172 no-

308 1200 423 1256 luit,
454 1199 623 1245 amittat
653 1214 776 1260 posse
811 1212 911 1241 cum
945 1195 1061 1242 velit.
1096 1197 1207 1242 Nam
1234 1207 1336 1242 sunt
1375 1213 1522 1243 revera
1566 1196 1687 1243 omni

309 1270 511 1334 peccanti
531 1269 687 1314 animae
710 1267 798 1313 duo
816 1267 895 1311 ista
919 1266 1112 1328 poenalia
1129 1304 1140 1322 ,
1154 1266 1415 1326 ignorantia,
1434 1277 1475 1313 et
1495 1265 1686 1312 difficul-

309 1351 388 1386 tas.
413 1341 473 1385 Ex
488 1337 731 1399 ignorantia
756 1336 1015 1380 dehonestat
1038 1353 1157 1380 error
1178 1373 1189 1391 ,
1221 1354 1269 1381 ex
1295 1336 1550 1382 difficultate
1575 1352 1683 1382 cruv-

308 1412 444 1457 ciatus
464 1410 623 1470 affligit.
665 1407 750 1453 Sed
777 1406 1022 1469 approbare
1046 1405 1153 1451 falsa
1188 1424 1270 1469 pro
1306 1407 1446 1463 veris,
1485 1417 1534 1453 ut
1573 1418 1684 1456 erret

306 1482 485 1537 invitus,
512 1490 554 1526 et
578 1478 793 1525 resistente
814 1488 943 1540 atque
963 1487 1191 1540 torquente
1212 1477 1362 1523 dolore
1381 1477 1568 1523 carnalis
1590 1477 1684 1524 vin-

310 1556 398 1602 culi
419 1571 507 1600 non
539 1566 663 1614 posse
687 1567 709 1594 a
753 1547 998 1593 libidinosis
1039 1548 1244 1611 operibus
1288 1558 1556 1611 temperare,
1595 1565 1683 1593 non

305 1637 367 1673 est
389 1637 544 1672 natura
562 1620 750 1667 instituti
766 1618 974 1674 hominiS,
999 1617 1071 1669 sed
1086 1635 1219 1681 poena
1240 1618 1450 1665 damnati.
1475 1621 1588 1664 Cum
1608 1634 1682 1664 au-

305 1710 391 1745 tem
409 1696 462 1742 de
484 1694 621 1740 libera
644 1691 865 1739 voluntate
893 1699 1008 1734 reete
1029 1687 1216 1734 faciendi
1247 1688 1469 1752 loquimur
1484 1726 1495 1745 ‚
1523 1688 1577 1734 de
1608 1687 1682 1734 illa

305 1768 468 1815 scilieet
489 1764 534 1810 in
555 1779 642 1826 qua
664 1762 799 1806 homo
816 1760 957 1805 factus
981 1770 1044 1804 est
1066 1759 1302 1822 loquimur.
1324 1782 1343 1801 »
1362 1759 1478 1805 Hinc
1494 1762 1587 1818 jam
1601 1758 1680 1803 ho-

301 1839 496 1885 minibus
521 1833 575 1879 de
606 1832 740 1895 ipsius
775 1830 1031 1890 ignorantiae
1060 1829 1416 1892 difficultatisque
1436 1829 1482 1875 in
1511 1828 1679 1892 prolem

297 1908 431 1976 primi
454 1903 644 1951 hominis
669 1900 858 1960 trajectis
874 1899 988 1945 vitiis
1017 1909 1144 1962 atque
1170 1897 1397 1944 transfusis
1415 1935 1426 1955 ‚
1444 1899 1563 1951 velut
1574 1902 1674 1958 Jus-

302 1993 391 2027 tam
415 1975 633 2041 querelam
655 1969 975 2034 deponentibus
1001 1968 1059 2013 ita
1079 1985 1334 2031 responsum
1358 1978 1434 2014 est.
1461 1989 1483 2010 α
1505 1967 1678 2024 Quibus

300 2045 521 2098 breviter1
538 2082 548 2099 ,
575 2044 753 2106 inquam
772 2078 782 2095 ,
811 2038 1115 2102 respondetur,
1145 2048 1192 2083 ut
1213 2038 1424 2101 quiescat,
1455 2048 1497 2083 et
1521 2037 1677 2082 adver-

303 2140 372 2169 sus
413 2125 557 2166 Deum
597 2127 866 2160 murmurare
912 2108 1132 2154 desistant.
1176 2108 1310 2153 Recte
1348 2108 1462 2153 enim
1499 2106 1676 2152 fortasse

301 2201 600 2261 quererentur,
623 2186 657 2230 si
677 2182 829 2230 erroris
852 2190 894 2226 et
916 2180 1111 2225 libidinis
1130 2179 1275 2224 nullus
1290 2179 1521 2225 hominum
1536 2179 1675 2226 victor

301 2265 493 2312 existeret
522 2277 533 2304 :
585 2271 686 2302 cum
720 2267 820 2299 vero
845 2250 1009 2313 ubique
1050 2249 1105 2294 sit
1144 2266 1355 2312 praesens,
1401 2249 1479 2312 qui
1527 2248 1673 2294 multis

305 2333 447 2380 modis
492 2345 570 2393 per
615 2333 855 2371 creaturam
892 2320 976 2366 sibi
1018 2318 1210 2365 Domino
1259 2318 1511 2365 servientem
1526 2352 1539 2372 ‚
1590 2317 1672 2363 ad-

294 2417 463 2453 versum
491 2406 634 2451 vocet,
658 2394 811 2440 doceat
847 2389 1110 2448 credentem,
1134 2387 1379 2437 consoletur
1407 2397 1666 2453 sperantem,

347 2485 358 2508 ¹
373 2483 445 2516 Lib.
469 2481 503 2515 3.
521 2478 674 2512 delibero
692 2474 785 2509 arbit.
803 2484 832 2509 c.
851 2483 904 2515 ¹9·
