1763 2838
372 191 502 223 LIBER
537 191 594 243 DE
629 191 803 225 SPIRITU
838 193 891 225 ET
926 193 1122 225 LITTERA.
1346 177 1436 239 471

76 275 177 306 cum
200 261 291 319 ejus
327 256 561 316 Evangelio
597 273 685 302 non
721 258 905 304 credunt
936 275 947 304 ε
972 275 1050 303 nec,
1073 257 1169 303 ideo
1191 267 1337 302 tamen
1360 272 1456 301 eam

75 331 260 376 vincunt
277 366 287 385 ‚
332 345 481 375 verum
520 345 561 373 se
606 329 721 391 ipsos
759 330 965 375 fraudant
1004 345 1162 388 magno
1200 338 1242 373 et
1281 342 1452 372 summo

76 402 217 456 bono,
240 400 450 463 malisque
473 400 725 463 poenalibus
753 400 1009 463 implicant,
1043 399 1261 462 experturi
1283 397 1329 442 in
1350 413 1455 460 sup-

76 471 220 534 pliciis
238 481 495 533 potestatem
510 474 600 529 ejus
614 507 623 525 ,
642 474 765 529 eujus
782 471 828 516 in
845 470 971 515 donis
992 468 1329 515 inisericordiam
1348 483 1458 511 con-

80 551 360 604 tempserunt.
388 542 454 585 Ita
472 541 673 586 voluntas
699 541 779 586 Dei
804 557 972 602 semper
997 540 1162 585 invicta
1186 549 1249 585 est
1275 556 1285 583 ι
1309 537 1457 583 vince-

77 622 196 657 retur
231 621 372 656 autem
391 648 402 666 ,
439 610 473 656 si
505 628 594 656 11011
627 612 836 656 inveniret
860 609 968 672 quid
1002 609 1055 655 de
1079 608 1459 672 contemptoribus

74 681 255 736 faceret,
282 692 355 726 aut
382 681 469 727 ullo
494 681 625 726 modo
658 691 832 744 possent
857 680 1037 727 evadere
1063 680 1184 743 quod
1213 680 1268 725 de
1294 679 1454 724 talibus

74 751 146 797 ille
172 752 409 798 constituit.
442 752 530 807 Qui
553 752 666 796 enim
689 751 819 806 dicit,
847 750 969 797 verbi
989 751 1124 810 gratia
1151 768 1162 795 :
1190 750 1298 797 Volo
1325 760 1375 794 ut
1407 748 1457 793 111

75 839 222 867 omnes
246 823 354 868 servi
375 822 458 867 mei
476 833 710 885 operentur
732 821 777 866 in
801 822 925 867 vinea
944 859 954 878 ,
987 832 1027 866 et
1051 831 1149 884 post
1170 820 1367 866 laborem
1391 835 1455 864 re·

74 892 339 955 quiescentes
356 892 602 955 epulentur:
626 893 686 937 ita
703 902 749 937 ut
762 893 958 956 quisquis
974 909 1122 938 eorum
1143 891 1230 937 hoc
1250 889 1455 946 noluerit,

74 964 120 1008 in
156 963 341 1025 pistrino
378 981 548 1026 semper
586 964 720 1008 molat
749 963 954 1009 :videtur
987 963 1166 1027 quidem
1192 962 1459 1025 quicumque

76 1033 410 1094 contempserit,
445 1044 595 1078 contra
624 1034 891 1079 voluntatem
914 1034 1079 1079 domini
1102 1034 1167 1078 sui
1197 1032 1364 1085 suem-<23
1385 1030 1460 1077 sed

78 1113 182 1148 tune
204 1120 298 1148 eam
324 1103 489 1157 vincet,
529 1104 562 1148 si
588 1114 630 1148 et
662 1104 897 1166 pistrinum
921 1114 1202 1150 contemnens
1225 1102 1421 1162 effugerit
1444 1118 1455 1145 ι

77 1173 195 1236 quod
226 1174 347 1219 nullo
383 1174 513 1219 niodo
553 1175 647 1219 lieri
680 1185 823 1237 potest
862 1175 943 1219 sub
971 1176 1049 1220 Dei
1079 1184 1304 1238 potestate.
1334 1171 1460 1218 Unde

76 1245 289 1308 scriptum
319 1255 379 1290 est
399 1263 409 1289 :
429 1267 448 1286 «
471 1245 611 1290 Semel
645 1246 818 1291 locutus
841 1257 902 1290 est
930 1244 1092 1299 Deus1‚
1126 1268 1145 1287 »
1170 1246 1256 1290 hoc
1278 1255 1364 1301 est,
1389 1243 1461 1288 in·-

75 1316 445 1361 commutabiliter
469 1353 479 1371 ,
507 1333 759 1379 quanquam
797 1328 838 1362 et
877 1317 931 1362 de
964 1317 1095 1362 unico
1133 1316 1278 1361 Verbo
1325 1315 1462 1377 possit

76 1385 272 1444 intelligi.
314 1385 484 1431 Deinde
519 1386 787 1445 subjungens
818 1387 925 1449 quid
958 1384 1378 1432 incommutabiliter
1408 1385 1463 1430 sit

76 1456 249 1501 loeutus
275 1474 285 1501 ε
313 1478 334 1498 <‹
358 1458 454 1501 Duo
480 1456 577 1501 haec
596 1492 606 1511 ‚
634 1456 778 1520 inquit
796 1494 805 1512 ‚
835 1457 983 1503 audivi
1001 1493 1011 1512 ‚
1040 1456 1247 1520 quoniam
1272 1464 1462 1517 potestas

80 1549 99 1568 »
125 1527 206 1572 Dei
230 1538 291 1572 est
310 1565 319 1579 ,
342 1538 384 1572 et
404 1527 483 1572 tibi
503 1564 512 1583 ‚
541 1527 746 1583 Domine,
771 1527 1065 1573 misericordia
1084 1565 1094 1583 ‚
1116 1527 1217 1589 quia
1242 1537 1289 1570 tu
1308 1524 1461 1570 reddes

80 1619 99 1638 »
128 1598 364 1662 unicuique
385 1598 624 1643 seeundum
653 1616 785 1661 opera
821 1616 910 1645 sua.
943 1621 964 1640 ›>
991 1598 1066 1644 llle
1092 1599 1225 1657 igitur
1254 1613 1352 1642 reus
1381 1597 1463 1641 erit

80 1667 134 1713 ad
153 1668 476 1714 damnationem
502 1669 584 1714 sub
606 1680 817 1732 potestate
837 1674 928 1729 ejus
947 1706 957 1725 ,
980 1671 1056 1732 qui
1077 1667 1386 1731 contempserit
1406 1666 1462 1712 ad

78 1738 346 1784 credendum
380 1740 719 1785 misericordiam
753 1745 858 1799 ejus.
896 1741 1106 1804 Quisquis
1141 1751 1283 1785 autem
1313 1737 1460 1783 credi-

79 1808 212 1864 derit,
240 1809 364 1872 eique
389 1827 430 1855 se
457 1827 479 1854 a
499 1811 688 1873 peccatis
716 1812 922 1856 omnibus
956 1809 1299 1865 absolvendum,
1333 1818 1374 1853 et
1407 1807 1463 1852 ab

80 1879 286 1924 omnibus
308 1880 422 1925 vitiis
442 1880 683 1925 sanandum
699 1917 709 1935 ‚
727 1891 767 1926 et
784 1881 927 1926 calore
949 1898 997 1926 ac
1019 1880 1183 1926 lumine
1196 1880 1289 1940 ejus
1309 1894 1467 1923 accen-

80 1949 272 1996 dendum
305 1950 732 2014 illuminandumque
756 1951 1046 2005 commiserit,
1082 1950 1268 1995 habebit
1296 1966 1344 1994 ex
1372 1951 1465 2007 ers

82 2021 217 2080 gratia
249 2039 381 2084 opera
409 2023 525 2067 bona
541 2059 551 2075 ,
574 2040 621 2067 ex
645 2022 806 2084 quibus
831 2022 958 2067 etiam
989 2020 1229 2067 secundum
1255 2036 1415 2082 corpus
1439 2036 1463 2063 a

80 2091 232 2136 mortis
258 2093 539 2155 corruptione
574 2091 831 2145 redimatur,
869 2102 1120 2145 coronetur,
1152 2091 1367 2154 bonisque
1390 2107 1463 2135 sa-

81 2161 229 2218 tietur,
258 2179 348 2208 non
374 2162 690 2226 temporalibus
708 2199 718 2219 ,
745 2162 818 2208 sed
842 2163 1036 2219 aeternis,
1076 2180 1208 2226 supra
1233 2178 1365 2225 quam
1390 2177 1465 2224 pe-

84 2233 214 2277 timus
238 2243 278 2278 et
299 2233 621 2293 intelligimus2.

147 2304 266 2350 LIX.
308 2305 437 2350 Hune
472 2304 669 2350 ordinem
709 2304 843 2348 tenuit
884 2303 1109 2359 psalmus,
1152 2303 1229 2348 ubi
1266 2301 1461 2347 dicitur:

86 2396 106 2416 (ι
130 2375 345 2431 Benedic,
375 2377 516 2421 anima
540 2393 656 2431 mea,
682 2376 918 2420 Dominum
934 2413 944 2431 ,
969 2388 1010 2421 et
1034 2374 1123 2421 noli
1148 2373 1347 2419 oblivisci
1369 2389 1468 2417 0111-

88 2466 109 2487 »
132 2463 205 2492 nes
226 2446 532 2492 retributiones
547 2450 636 2507 ejus
655 2464 664 2491 :
682 2446 759 2509 qui
778 2446 1001 2510 propitius
1025 2447 1075 2492 sit
1089 2443 1472 2507 omnibusiniqui-

138 2528 149 2551 ¹
171 2529 250 2562 Psal.
272 2540 337 2569 mu,
356 2541 412 2574 12,
437 2532 488 2563 13.
502 2547 548 2553 —
564 2527 579 2551 ²
598 2528 715 2573 Ephe-⁰¹·
733 2536 785 2572 ¹¹¹)
803 2539 854 2562 ²0·
