1763 2838
313 180 403 235 3240
730 190 765 222 5.
806 188 1047 220 AUGUSTINI
1083 189 1285 220 EPlscoPI

313 257 528 304 rabilibus
563 255 814 301 testimoniis
838 254 1039 299 dubitare
1074 272 1160 299 non
1195 271 1399 318 possum,
1428 271 1506 300 nec
1538 257 1678 300 Deum

314 327 481 391 aliquid
505 325 772 389 impossibile
792 324 960 369 homini
982 325 1238 387 pra-*cepisse
1255 362 1265 379 ,
1288 343 1365 371 nec
1393 327 1479 370 Deo
1503 324 1555 370 ad
1580 326 1680 387 opi-

311 400 541 447 tulandum
567 409 608 443 et
636 397 932 458 adjuvandum
949 434 958 448 ,
982 414 1068 460 quo
1093 398 1166 441 fiat
1195 398 1312 459 quod
1336 398 1487 457 jubet,
1514 398 1681 460 impos-

311 469 436 516 sibile
451 468 614 531 aliquid
634 485 735 514 esse.
766 471 826 512 Ae
847 484 923 529 per
945 466 1031 511 hoc
1051 477 1192 529 potest
1209 466 1342 512 homo
1356 505 1366 523 ‚
1395 468 1426 511 si
1445 467 1546 512 velit
1564 503 1574 522 ‚
1597 483 1682 512 esse

312 539 402 585 sine
423 549 606 601 peccato
626 575 636 593 ‚
663 538 836 596 adjutus
862 555 881 581 a
911 537 1014 582 Deo.

376 609 500 655 Vlll.
543 609 587 653 Si
603 619 741 653 autem
768 606 887 669 quod
910 605 1099 651 secundo
1119 605 1214 650 loco
1238 622 1485 668 posueram„
1507 622 1681 668 quaera-

312 690 384 725 tur
400 689 548 724 utrum
574 679 654 733 sit,
682 695 769 723 esse
790 695 874 721 non
897 676 1026 721 credo
1047 713 1057 731 ‚
1085 677 1220 734 magis
1240 676 1351 720 enim
1375 676 1503 719 credo
1528 677 1681 738 Scrip-

310 760 423 794 turae
461 748 623 793 dicenti
647 765 657 792 :
686 769 703 787 κ
726 749 787 791 Μ
812 748 941 791 intres
972 746 1015 790 in
1038 745 1256 804 judicium
1291 762 1389 789 cum
1425 762 1545 789 servo
1571 756 1644 790 tuo
1668 783 1678 800 ,

309 839 332 860 »
357 819 562 881 quoniam
585 834 671 862 non
693 816 1009 876 justificabitur
1033 817 1077 860 in
1101 826 1336 878 conspectu
1360 825 1435 859 tuo
1458 816 1596 860 omnis
1613 816 1679 860 vi-

310 910 332 930 »
356 887 504 934 vens1.
536 910 553 928 ›>
584 890 637 932 Et
672 887 767 932 ideo
793 886 1086 931 misericordia
1123 887 1203 931 Dei
1228 902 1339 947 opus
1370 896 1431 930 est
1449 923 1459 940 ‚
1485 903 1584 948 quae
1607 903 1681 931 su·-

309 958 544 1022 perexnltat
560 958 729 1018 judicio
744 994 754 1013 ‚
775 973 875 1020 quae
896 955 958 1001 illi
980 974 1069 1001 non
1083 957 1162 1000 erit
1182 957 1255 1018 qui
1279 973 1364 1000 non
1395 956 1497 1001 facit
1515 956 1683 1001 miseri-

310 1028 551 1074 cordiam?
603 1030 656 1072 Et
696 1027 814 1089 quod
857 1026 1082 1089 Propheta
1121 1043 1218 1070 cum
1258 1025 1416 1071 diceret
1444 1044 1454 1071 :
1485 1048 1503 1066 α
1528 1027 1679 1071 Dixit:

311 1120 333 1140 ›>
358 1099 656 1144 Pronuntiaho
685 1098 885 1142 adversus
915 1115 981 1142 nie
1002 1096 1205 1141 delictum
1240 1113 1382 1141 meum
1411 1097 1596 1141 Domino
1613 1134 1622 1152 ‚
1643 1107 1685 1141 et

311 1192 331 1211 υ
356 1180 404 1214 tu
441 1169 639 1213 dimisisti
670 1169 935 1231 iiiiliietqtem
973 1167 1116 1212 cordis
1146 1167 1226 1211 mei
1258 1186 1268 1210 ε
1297 1188 1316 1206 »
1340 1167 1548 1212 continuo
1577 1166 1686 1211 sub-

305 1240 450 1299 junxit
471 1257 481 1283 :
507 1261 526 1279 «
545 1242 627 1284 Pro
648 1239 732 1283 hac
750 1239 893 1283 orabit
917 1237 971 1282 ad
994 1249 1032 1282 te
1055 1238 1193 1282 omnis
1229 1237 1411 1281 Sanctus
1430 1238 1471 1282 in
1494 1248 1686 1300 tempore

313 1332 332 1351 »
357 1309 650 1372 opportuu03‚
678 1331 697 1349 »
730 1326 819 1353 non
851 1325 948 1367 ergo
991 1308 1130 1352 omnis
1172 1318 1403 1369 peccator,
1435 1307 1506 1352 sed
1548 1307 1687 1352 omnis

312 1380 496 1423 Sanctus
523 1396 533 1423 :
559 1396 638 1423 vox
670 1378 783 1422 enim
818 1378 1075 1422 Sanctorum
1103 1387 1185 1432 est,
1217 1398 1235 1416 α
1260 1378 1303 1421 Si
1329 1377 1561 1422 dixerimus
1584 1377 1688 1439 quia

313 1470 333 1490 >³
359 1459 586 1511 peccatum
607 1465 693 1492 non
714 1448 928 1492 hahemus
945 1484 955 1492 .
985 1464 1060 1491 nos
1078 1447 1194 1509 ipsos
1221 1446 1463 1509 decipimus
1479 1485 1489 1502 ‚
1512 1458 1554 1492 et
1574 1447 1689 1492 veri-

313 1540 334 1560 »
365 1518 485 1562 tasin
505 1518 631 1562 nobis
656 1535 742 1562 non
762 1516 869 1563 est4.
895 1540 913 1558 ›>
938 1516 1063 1561 [nde
1079 1517 1122 1561 in
1141 1516 1330 1576 ejusdem
1353 1517 1551 1580 Apostoli
1575 1519 1689 1580 Apo-

315 1587 504 1650 calypsi,
546 1587 617 1632 illa
649 1609 667 1628 «
700 1587 887 1632 Centum
931 1586 1217 1650 quadraginta
1254 1597 1295 1631 et
1335 1598 1522 1649 quatuor
1557 1587 1691 1631 millia

318 1679 338 1698 »
368 1660 652 1711 Sanctorum,
687 1657 762 1719 qui
783 1674 823 1701 se
842 1673 941 1701 cum
974 1657 1230 1701 mulieribus
1259 1674 1345 1701 non
1380 1658 1692 1720 coinquinave-

321 1749 340 1768 »
368 1737 472 1771 runt
490 1763 499 1781 ‚
521 1727 704 1785 virgines
724 1726 835 1770 enim
856 1738 1186 1788 permanserunt
1206 1747 1216 1780 3
1233 1739 1274 1772 et
1292 1745 1378 1772 non
1394 1738 1454 1772 est
1470 1728 1692 1772 inventum

322 1818 343 1840 »
367 1798 493 1842 inore
507 1813 653 1841 eorum
674 1795 946 1841 mendacium
962 1833 970 1849 ‚
987 1797 1087 1858 quia
1101 1798 1496 1860 irreprehensibiles
1511 1797 1658 1850 sunt53
1676 1820 1694 1838 »

320 1867 516 1930 profecto
533 1866 629 1911 ideo
655 1866 1052 1928 irreprehensibiles
1076 1878 1198 1921 sunt,
1219 1868 1319 1930 quia
1341 1886 1381 1912 se
1396 1869 1511 1929 ipsos
1528 1868 1688 1913 veracia

322 1948 386 1982 ter
426 1936 798 1999 reprehenderunt
827 1954 837 1981 z
868 1948 909 1981 et
944 1937 1039 1982 ideo
1075 1955 1163 1982 non
1202 1948 1263 1982 est
1295 1938 1519 1982 inventum
1556 1938 1598 1982 in
1624 1955 1696 1983 ore

323 2025 470 2053 eorum
511 2006 835 2063 mendaciumss,
861 2008 963 2070 quia
990 2009 1022 2052 si
1056 2007 1249 2052 dicerent
1281 2025 1321 2052 se
1355 2018 1581 2070 peccatum
1607 2025 1695 2053 non

323 2078 488 2123 habere
508 2113 518 2131 ‚
546 2093 586 2121 se
612 2076 726 2138 ipsos
744 2076 994 2140 deciperent
1013 2114 1022 2132 ‚
1045 2088 1086 2122 et
1102 2079 1256 2123 veritas
1281 2079 1324 2122 in
1342 2079 1399 2122 eis
1419 2095 1502 2123 non
1527 2088 1632 2123 esset
1647 2077 1664 2106 7
1684 2098 1695 2131 3

325 2158 366 2192 et
391 2147 538 2208 utique
562 2146 833 2191 mendacium
861 2158 994 2201 esset,
1023 2147 1098 2192 ubi
1123 2148 1276 2192 veritas
1302 2165 1390 2193 non
1415 2158 1522 2192 esset
1545 2165 1555 2192 ε
1585 2165 1698 2212 quo-

324 2219 439 2263 niam
451 2221 607 2277 justus,
626 2234 724 2261 cum
743 2217 787 2262 in
800 2218 1004 2263 sermonis
1017 2218 1189 2263 exordio
1206 2230 1428 2264 accusator
1441 2219 1505 2264 sui
1517 2229 1595 2270 est,
1611 2235 1698 2263 non

328 2288 477 2350 utique
501 2286 721 2333 mentitur.

390 2359 468 2403 lx.
505 2357 568 2401 Ac
586 2374 664 2417 per
686 2358 772 2402 hoc
792 2358 835 2402 in
853 2375 901 2403 eo
923 2358 1041 2420 quod
1066 2359 1278 2421 scriptum
1304 2370 1363 2404 est
1388 2378 1397 2404 :
1421 2381 1440 2400 «
1460 2359 1547 2416 Qui
1568 2369 1694 2405 natus

371 2460 380 2480 ¹
398 2457 476 2489 Psal.
497 2467 596 2494 cun,
616 2467 647 2488 2.
663 2474 707 2479 —
724 2456 916 2492 2Jac.›b.11.
942 2461 995 2490 15.
1015 2476 1058 2481 —
1075 2456 1088 2480 3
1108 2460 1187 2490 psal.
1209 2471 1298 2496 xxxx,
1316 2461 1345 2491 5.
1363 2477 1407 2482 —
1434 2457 1447 2481 ⁴
1468 2472 1477 2489 ι
1497 2461 1592 2492 Joan.
1616 2470 1644 2497 1,
1663 2460 1695 2491 8.

320 2528 365 2535 -
379 2509 392 2532 5
408 2512 510 2553 Apoe.
527 2520 592 2547 xxv,
607 2516 637 2546 4,
657 2511 688 2541 5.
706 2527 748 2532 —
763 2511 777 2531 ὓ
795 2515 885 2543 Prov.
912 2522 1069 2549 xx'111‚17.
1090 2530 1129 2535 ω·
1147 2510 1160 2532 7
1186 2524 1195 2542 1
1211 2515 1304 2543 Joan.
1323 2524 1371 2548 ιιι,
1388 2524 1421 2552 9.
