1763 2838
369 235 424 265 AD
459 232 732 265 DONATISTAS
769 234 876 264 POST
911 234 1234 266 CC-LLATmNEM.
1405 222 1487 282 llt‘j‘

120 303 390 367 parationem
407 318 527 347 suam
542 337 552 356 ‚
581 300 770 346 dicentes
795 321 815 341 «
836 301 941 345 Eam
967 317 1052 345 esse
1073 301 1310 348 Ecclesiam
1332 304 1494 361 verita-

122 374 175 419 tis
194 411 204 429 ‚
224 390 324 438 quae
338 371 681 437 persecutionem
700 371 866 435 patitur
883 407 893 426 ‚
915 387 1003 415 non
1021 387 1120 434 quae
1139 370 1272 419 facit?
1287 395 1306 417 ›)
1329 374 1496 438 Nempe

121 444 222 492 elisa
251 455 339 501 est,
370 459 528 506 nempe
557 452 787 506 prostrata.
825 443 1047 501 Leguntur
1081 444 1398 505 persecutiones
1420 462 1497 490 eo-

120 531 218 561 rum
237 535 249 567 ;
271 531 424 575 negare
439 530 528 559 non
552 523 737 576 possunt
754 550 764 569 ‚
789 512 893 575 quia
909 511 1112 571 leguntur
1128 514 1258 560 etiam
1276 514 1500 577 subscrip-

121 586 258 632 tiones
280 603 446 632 eorum.
477 585 692 630 Tenemus
714 601 784 630 eos
804 583 1060 629 confitentes
1074 621 1086 639 ‚
1109 586 1385 646 profitentes,
1405 586 1502 646 glo-

124 657 281 703 riantes
322 660 505 716 majores
548 673 646 702 snos
687 653 974 700 Caecilianum
1022 654 1142 718 apud
1188 657 1504 720 Imperatorem

121 728 309 789 graviter
324 737 573 792 persecutos
597 745 607 772 t
638 737 831 773 tenemus
851 725 980 771 etiam
1006 726 1294 773 Caecilianum
1321 728 1380 774 eis
1399 745 1506 792 per-

123 800 403 864 sequentibus
439 799 494 846 ab
532 800 801 862 Imperatore
839 796 1111 844 damnatum.
1157 799 1256 844 Non
1288 815 1389 859 ergo
1415 803 1507 860 jam

125 870 341 927 clament,
366 869 701 930 segregationem
719 885 841 915 suam
859 867 956 913 idco
979 885 1066 917 esse
1088 868 1325 916 Ecclesiam
1347 870 1508 916 verita-

125 941 201 998 tis,
229 941 332 1004 quia
356 940 702 1004 persecutionem
728 957 816 985 non
843 938 976 993 facit,
1011 939 1084 984 sed
1109 940 1278 1003 patitur
1301 958 1312 986 ε
1339 952 1415 987 aut
1437 941 1507 987 sa-

122 1022 292 1057 teantur
326 1029 415 1057 non
439 1028 533 1056 eam
569 1010 696 1056 fuisse
737 1009 976 1055 Ecclesiam
1017 1010 1237 1068 veritatis,
1271 1012 1448 1074 quando
1483 1030 1507 1058 a

124 1082 366 1142 majoribus
391 1099 541 1127 eorum
568 1081 832 1127 Caecilianus
856 1080 1118 1143 patiebatur.
1154 1082 1200 1128 Si
1218 1082 1335 1128 enim
1361 1083 1483 1129 conti

123 1169 212 1198 nuo
236 1152 343 1198 boni
369 1162 468 1198 sunt
491 1152 566 1214 qui
591 1150 935 1214 persecutionem
957 1151 1218 1213 patiuntur3
1250 1153 1390 1199 bonus
1415 1165 1506 1200 erat

126 1223 388 1270 Caecilianus
415 1222 592 1286 quando
626 1222 891 1286 patiebatur.
924 1222 969 1266 Si
994 1233 1137 1270 autem
1163 1234 1306 1286 potest
1329 1225 1507 1288 quidem

124 1294 244 1351 ficri,
275 1304 323 1340 ut
348 1304 390 1339 et
410 1293 511 1339 mali
538 1292 886 1357 persecutionem
908 1294 1159 1356 patiantur,
1188 1295 1260 1341 sed
1287 1295 1393 1343 honi
1417 1315 1506 1344 non

120 1375 305 1429 possunt
324 1382 410 1410 esse
434 1365 509 1428 qui
530 1363 725 1418 facinnt3
746 1381 834 1410 non
856 1375 978 1409 erant
1000 1365 1106 1410 boni
1127 1369 1311 1425 majores
1329 1383 1478 1415 eorum
1494 1405 1504 1423 ‚

122 1436 299 1499 quando
319 1436 604 1482 Caecilianum
622 1435 1014 1499 persequebantur.
1043 1438 1181 1482 Porro
1200 1436 1233 1483 si
1252 1437 1346 1485 fieri
1366 1449 1508 1502 potest

122 1517 169 1552 ut
192 1517 234 1551 et
255 1506 361 1552 boni
382 1505 544 1552 faciant
560 1544 571 1562 ,
603 1516 644 1551 et
662 1505 765 1551 mali
786 1505 1041 1568 patiantur3
1070 1525 1162 1553 non
1180 1507 1279 1554 ideo
1304 1526 1380 1554 nos
1407 1509 1507 1556 cul-

119 1576 257 1640 pandi
281 1593 427 1622 sumus
448 1613 458 1632 ‚
493 1593 572 1622 nec
593 1575 690 1621 idco
716 1575 785 1621 isti
815 1574 1056 1633 laudandi,
1089 1579 1193 1640 quia
1225 1578 1307 1624 tale
1337 1579 1505 1643 aliquid

120 1648 349 1711 patiuntur
367 1685 378 1705 ‚
397 1647 525 1711 quale
551 1646 839 1692 Caecilianum
867 1648 1107 1707 majoribus
1136 1649 1220 1695 suis
1244 1649 1506 1699 facientibus

121 1736 296 1782 passum
320 1736 406 1765 esse
429 1718 684 1778 gloriantur.
717 1718 772 1762 Et
799 1727 941 1763 tamen
967 1719 1254 1766 (laecilianum
1275 1721 1332 1767 ab
1354 1723 1505 1785 Impe-

120 1801 262 1836 ratore
280 1790 536 1836 damnatum
557 1790 736 1835 omnino
756 1806 844 1835 non
869 1789 1065 1835 constitit
1090 1809 1100 1835 ι
1129 1791 1202 1837 sed
1230 1792 1275 1839 in
1300 1796 1333 1852 ej
1344 1810 1390 1839 us
1420 1795 1504 1840 ab-

121 1861 336 1907 solutione
370 1872 499 1925 atque
535 1860 820 1924 purgatione,
860 1877 961 1924 quse
986 1860 1142 1919 judicii
1175 1864 1434 1927 episcopalis
1464 1876 1507 1911 et

120 1931 356 1996 imperialis
372 1932 623 1977 recitatione
642 1931 919 1988 constiterat,
952 1931 1014 1976 nil
1042 1943 1190 1995 postea
1213 1934 1395 1997 probari
1418 1954 1505 1998 po-

121 2004 206 2049 tuit
234 2003 530 2048 immutatum.
573 2003 588 2045 I
598 2012 637 2047 ta
669 2001 835 2048 sactum
875 2012 965 2056 est,
1003 2013 1051 2048 ut
1080 2014 1246 2051 remota
1276 2006 1501 2059 Caeciliani

121 2074 400 2120 damnatione
424 2073 477 2119 de
498 2090 584 2137 qua
614 2072 697 2135 ipsi
719 2072 887 2119 mentiti
916 2083 1041 2128 sunt,
1069 2076 1322 2123 remanserit
1354 2094 1502 2140 perge-

121 2146 240 2191 cutio
260 2182 270 2201 ,
292 2162 425 2209 quam
449 2148 632 2203 majores
649 2159 747 2189 suos
765 2143 912 2188 secisse
930 2143 1112 2189 confessi
1133 2156 1246 2193 sunt.

188 2216 302 2262 LIV.
334 2216 495 2260 Parnm
517 2213 623 2269 fuit,
647 2224 694 2259 ut
713 2212 997 2259 (jlaecilianum
1016 2213 1072 2258 ab
1091 2214 1359 2278 Imperatore
1376 2219 1499 2265 dam-

122 2297 275 2332 natum
293 2297 334 2332 et
354 2284 601 2331 mentiendo
625 2283 800 2344 gloriari
823 2283 1054 2340 auderent,
1081 2295 1121 2330 et
1145 2288 1369 2335 asserendo
1388 2309 1498 2354 pro-

121 2357 227 2404 bare
246 2375 335 2403 non
354 2367 529 2421 possent
555 2374 565 2401 :
593 2356 770 2418 insuper
787 2354 916 2401 etiam
941 2355 1267 2418 probaverunt,
1293 2370 1335 2406 et
1352 2373 1498 2409 nostra

120 2429 166 2474 in
190 2446 282 2474 eam
306 2445 395 2473 rem
414 2427 676 2473 documenta
697 2425 850 2473 fortius
872 2425 1155 2485 adjuverunt,
1181 2430 1405 2478 Caeciliani
1422 2434 1495 2479 ab-

122 2500 378 2546 solutionem
404 2499 604 2545 mansisse
631 2497 950 2552 firmissimam,
980 2514 1068 2544 non
1089 2499 1202 2546 sicut
1222 2503 1392 2553 mentiti
1409 2505 1499 2552 fue-

122 2582 220 2619 rant
247 2570 523 2635 Imperatoris
553 2568 788 2633 posteriore
812 2567 983 2630 judicio
1011 2567 1057 2619 in
1081 2571 1348 2620 contrarium
1373 2591 1500 2623 com-

1298 2660 1367 2698 10.
