1763 2838
266 159 354 214 2740
684 171 717 201 S.
762 169 1006 201 AUGUSTINI
1042 170 1248 201 EPISCOPI

266 237 491 285 l’raetexati
527 237 655 282 alium
684 235 954 280 ordinassetis
972 273 983 292 ‚
1020 248 1118 300 post
1151 248 1236 283 tam
1264 236 1442 297 longum
1463 247 1633 300 tempus

265 328 333 356 eos
357 310 401 355 in
415 309 499 354 suis
519 307 761 353 honoribus
780 307 1009 369 recepistis.
1036 309 1327 368 Quajustitia,
1346 326 1431 373 qua
1445 309 1626 365 ratione,

266 399 351 445 qua
373 380 515 426 fronte
529 380 572 424 in
586 379 750 423 honore
773 395 848 423 suo
870 378 1104 441 suscipitur
1120 380 1430 425 Maximianista
1446 380 1631 426 damna-

268 465 334 498 tus
353 490 363 509 ‚
389 463 431 497 et
457 451 690 496 damnatur
714 450 829 494 orbis
854 460 1061 494 terrarum
1102 451 1343 496 catholicus
1382 450 1632 496 inauditus?

269 528 365 579 Qua
384 521 571 582 justitia,
596 537 682 582 qua
714 520 895 573 ratione,
924 536 1009 582 qua
1034 520 1175 566 fronte
1198 520 1439 566 cavendum
1461 537 1545 566 esse
1570 520 1642 565 di-

268 594 379 650 citis,
402 610 454 638 ne
471 609 545 638 vos
562 590 758 654 inquinet
773 590 1032 636 Caecilianus
1048 591 1149 636 olim
1167 591 1414 647 defunctus,
1432 591 1644 654 vobisque

272 681 444 728 prorsus
461 663 706 722 incognitus
724 699 734 718 ‚
760 662 910 708 vestris
935 662 1172 721 majoribus
1193 662 1493 721 judicantibus
1516 660 1644 705 semel

270 737 519 790 damnatus,
539 733 688 779 vestris
714 732 956 792 majoribus
979 732 1282 778 accusantibus
1308 743 1369 777 ter
1395 731 1642 784 absolutus3

271 818 313 852 et
333 805 576 853 cavendum
602 821 690 849 non
708 803 911 866 putastis,
941 821 994 848 ne
1012 821 1088 850 vos
1113 803 1361 866 inquinaret
1384 801 1642 857 Felicianus,

273 875 521 922 universalis
541 875 717 920 concilii
737 873 865 920 vestri
889 891 960 918 ore
984 874 1229 929 damnatus,
1272 884 1312 919 et
1350 873 1405 918 ab
1441 872 1648 918 universis

272 948 422 1002 vobis,
456 945 679 1009 praecipue
721 945 784 989 tui
818 944 1180 1007 praedecessoris1
1217 944 1360 989 favore
1394 945 1645 1005 susceptus?

274 1020 371 1074 Qua
387 1016 572 1075 justitia,
595 1032 680 1077 qua
704 1015 887 1067 ratione,
919 1031 1005 1076 qua
1028 1014 1168 1059 fronte
1201 1013 1441 1059 rescinditis
1478 1012 1650 1074 baptis-

272 1103 392 1132 mum
426 1102 555 1148 quem
579 1084 683 1129 dant
706 1083 908 1129 Ecclesia}
925 1121 935 1139 ‚
964 1100 1070 1146 quas
1089 1084 1316 1129 laboribus
1342 1084 1426 1129 suis
1456 1081 1651 1145 Apostoli

272 1158 611 1222 plantaverunt;
644 1172 743 1200 cum
769 1155 1040 1217 susceperitis
1062 1156 1329 1218 baptismum
1368 1171 1496 1217 quem
1535 1152 1650 1198 Feli-

275 1230 422 1275 cianus
447 1238 488 1272 et
513 1232 790 1272 Praetextatus
812 1243 890 1289 per
916 1237 1001 1271 tam
1028 1226 1204 1286 longum
1244 1237 1437 1288 tempus,
1474 1223 1651 1287 quando

277 1310 429 1346 contra
462 1315 531 1343 eos
567 1297 794 1341 damnatos
820 1297 1073 1356 litigabatis,
1101 1297 1203 1342 foris
1229 1315 1250 1342 a
1292 1307 1435 1341 vestra
1461 1295 1652 1340 Ecclesia

279 1369 585 1416 tradiderunt?
609 1368 652 1412 Si
668 1368 798 1416 enim.
820 1378 866 1412 ut
888 1367 1028 1412 soletis
1055 1368 1165 1411 male
1189 1367 1440 1425 intelligere,
1464 1376 1505 1410 et
1527 1365 1653 1410 nobis

278 1441 482 1500 objicere,
502 1439 561 1483 sic
583 1448 643 1483 est
661 1438 990 1497 intelligendum
1019 1437 1138 1499 quod
1167 1438 1377 1499 scriptum
1400 1446 1463 1481 est
1486 1453 1497 1480 :
1525 1457 1545 1476 «
1566 1434 1655 1491 Qui

281 1534 300 1554 >2
321 1511 570 1573 baptizatur
597 1527 617 1554 a
637 1519 810 1553 mortuo
832 1509 936 1571 quid
959 1509 1134 1571 proficit
1156 1508 1327 1554 lavacro
1348 1525 1422 1553 suo
1437 1507 1481 1551 2:
1507 1506 1656 1551 »inter

280 1583 374 1628 illos
391 1582 681 1640 istijacebant
707 1581 883 1642 quando
908 1582 1210 1644 baptizabant,
1241 1582 1294 1627 de
1327 1582 1488 1644 quibus
1517 1590 1656 1627 vestra

281 1655 517 1712 Bagaitana
540 1651 748 1697 sententia
775 1662 891 1698 tanto
910 1655 1089 1717 strepitu
1110 1656 1300 1701 insonuit
1323 1674 1333 1701 ε
1356 1655 1657 1719 AEgyptiorum

284 1722 518 1768 admodum
551 1721 744 1783 exemplo
768 1725 1042 1785 pereuntium
1066 1726 1293 1773 funeribus
1309 1727 1436 1791 plena
1461 1736 1561 1772 sunt
1580 1725 1658 1770 lit-

284 1803 404 1837 tora:
432 1792 591 1854 quibus
619 1792 663 1835 in
694 1792 786 1853 ipsa
821 1805 958 1840 morte
982 1800 1121 1855 major
1144 1809 1207 1843 est
1232 1815 1384 1861 poena,
1414 1796 1534 1860 quod
1561 1805 1660 1859 post

282 1874 490 1909 extortam
509 1862 630 1926 aquis
662 1862 892 1909 ultricibus
926 1866 1134 1922 animam,
1165 1887 1242 1914 nec
1269 1869 1409 1931 ipsam
1428 1867 1660 1913 inveniunt

287 1933 567 1997 sepulturam.
599 1953 619 1973 >2
656 1932 774 1988 Quid
801 1933 853 1978 ad
877 1935 974 1980 haec
1010 1937 1172 1983 dicturi
1196 1939 1320 1984 ostis?
1342 1943 1454 1984 Ecce
1499 1936 1660 1982 mortui

287 2003 514 2067 baptizant
533 2019 603 2048 eos
620 2019 727 2065 quos
750 2004 966 2066 suscipitis
985 2025 1062 2053 nec
1084 2009 1321 2061 morimini,
1344 2020 1385 2054 et
1410 2008 1536 2054 nobis
1560 2018 1661 2052 tan-

289 2092 420 2137 quam
440 2074 619 2119 mortuis
651 2074 996 2133 calumniamini,
1041 2090 1089 2124 ut
1113 2080 1340 2126 catliolicae
1366 2079 1662 2125 unitaticom-

287 2145 509 2190 municare
531 2144 723 2189 nolentes
747 2146 895 2191 vestris
932 2147 1105 2207 ignibus
1132 2168 1229 2197 vere
1252 2149 1510 2195 moriamini.
1550 2149 1661 2193 Ros-

288 2215 433 2278 ponde
450 2215 502 2260 ad
527 2215 605 2259 ista
626 2232 636 2259 t
659 2225 785 2260 vacat
825 2217 905 2261 tibi
925 2221 1113 2278 cogitare
1146 2221 1252 2284 quid
1273 2221 1405 2267 dicas.
1434 2219 1593 2265 Saltem
1617 2218 1662 2262 in

290 2287 375 2331 hoc
394 2285 570 2348 aliquod
585 2284 666 2330 tibi
684 2285 945 2333 beneficium
971 2291 1242 2338 conseramus
1259 2330 1268 2347 ,
1296 2302 1344 2336 ut
1371 2291 1474 2336 dum
1502 2288 1663 2347 cogitas

292 2356 511 2419 quomodo
535 2355 811 2418 respondeas,
846 2359 1023 2405 minime
1042 2362 1201 2420 cogites
1239 2360 1457 2425 quomodo
1496 2357 1655 2404 ardeas.

292 2426 377 2475 Sed
399 2426 600 2471 nolumus
619 2436 666 2472 ut
683 2425 832 2489 inopia
850 2431 1140 2493 respondendi
1168 2433 1325 2480 lassum
1342 2429 1452 2479 illud
1469 2440 1510 2476 et
1530 2444 1662 2493 quas-

342 2511 352 2532 ¹
374 2508 486 2553 Optati
499 2508 698 2548 Gildoniani.
715 2526 760 2537 -ι
773 2508 788 2536 ²
805 2512 909 2561 Eccle,
925 2524 1012 2563 xxiv2
1031 2516 1084 2550 30.
