1763 2838
273 228 545 263 BREVICULUS
580 228 873 262 COLLATIONIS
911 231 1002 262 CUM
1037 231 1314 265 DONATISTIS.
1421 218 1480 265 35

111 297 245 351 bere3
273 309 321 343 ut
347 315 498 344 eorum
531 315 733 344 numerus
762 309 1016 362 appareret,
1048 298 1236 344 dicentes
1258 301 1380 363 quod
1414 319 1484 348 eos

111 368 345 415 adversarii
376 387 540 433 paucos
561 387 647 415 esse
676 371 847 416 mentiti
883 370 981 416 sint.
1025 370 1095 415 lbi
1117 370 1315 417 dixerunt
1348 373 1408 418 ita
1443 390 1484 419 se

113 455 261 486 omnes
283 441 444 486 venisse
464 458 598 504 usque
617 441 670 487 ad
686 441 954 501 gravissimos
975 458 1112 499 senes,
1133 454 1182 488 ut
1204 443 1253 489 hi
1276 443 1353 489 soli
1371 443 1487 490 dees-

113 521 234 567 sent,
255 528 364 574 quos
392 511 567 557 adversa
586 512 789 558 valetudo
814 511 1010 575 corporis
1031 512 1281 576 impedisset
1302 532 1312 560 ε
1334 526 1376 560 61
1394 532 1485 561 cae-

112 591 202 626 tera
220 598 321 644 quae
338 599 431 644 lpsa
452 584 619 628 notaria
640 583 933 629 continentur.

178 652 254 699 Vl.
286 652 453 708 Quinto
475 654 571 700 loco
588 655 779 701 recitatae
804 665 905 700 sunt
928 653 1110 700 litterae‘l
1131 654 1459 704 Catholicorum
1474 696 1484 715 ,

114 739 221 788 quas
244 724 554 787 rescripserunt
572 726 796 785 Cognitori
816 764 826 783 ‚
850 727 963 772 sicut
982 726 1125 772 edicto
1143 739 1489 785 commonuerat,

113 794 378 840 insinuantes
402 797 640 842 consentire
661 815 703 843 se
727 797 782 842 ad
806 798 950 842 onmia
973 834 982 853 ‚
1012 814 1112 861 quae
1131 797 1206 843 illo
1226 798 1369 845 edicto
1393 798 1492 845 fue—

115 875 212 910 rant
230 864 441 912 ordinata.
474 867 524 912 ln
548 867 707 912 eisdem
730 867 884 913 litteris
909 868 1036 913 etiam
1068 885 1110 914 se
1145 869 1491 925 obstrinxerunt,

115 947 157 982 et
179 936 364 1000 polliciti
388 949 515 993 sunt,
541 938 659 1002 quod
688 940 784 986 siin
803 951 927 1004 parte
957 940 1112 985 Donati
1140 941 1296 987 veritas
1321 943 1378 988 eis
1413 941 1494 987 de-

118 1019 429 1055 monstraretur
450 1011 653 1056 Ecclesiae
673 1048 682 1065 ‚
704 1029 791 1056 non
813 1029 854 1057 se
872 1011 961 1056 illic
976 1011 1265 1074 episcopalem
1287 1013 1498 1058 honorem

117 1081 404 1142 quaesituros,
451 1082 523 1127 sed
558 1083 787 1128 consilium
823 1100 971 1128 eorum
1003 1094 1226 1128 secuturos
1260 1101 1343 1146 pro
1367 1084 1501 1129 salute

119 1151 355 1196 christiana
381 1170 390 1196 ι
430 1152 463 1197 51
493 1163 633 1198 autem
659 1153 703 1198 in
734 1170 810 1199 sua
835 1153 1146 1198 communione
1180 1154 1324 1217 potius
1346 1155 1502 1199 veritas

119 1221 417 1267 ostenderetur
455 1222 685 1277 Ecclesiae,
727 1224 916 1269 honores
948 1222 1215 1286 episcopales
1254 1224 1311 1269 cis
1346 1242 1433 1270 non
1459 1242 1499 1269 se

118 1303 346 1352 negaturos
371 1311 381 1338 :
406 1304 447 1339 et
470 1294 556 1339 hoc
583 1312 604 1339 a
623 1312 664 1339 se
690 1296 781 1340 sieri
808 1295 926 1340 bono
954 1295 1100 1358 pacis,
1140 1305 1188 1340 ut
1217 1295 1503 1356 intelligerent

120 1363 167 1408 hi
199 1365 361 1427 quibus
396 1364 483 1409 hoc
516 1376 823 1427 praestaretur,
852 1365 968 1428 quod
998 1365 1042 1410 in
1076 1365 1134 1410 cis
1170 1365 1391 1411 Catholici
1416 1384 1503 1411 non

121 1434 407 1481 christianam
437 1438 837 1484 consecrationem.
867 1436 939 1481 sed
969 1436 1213 1480 humanum
1238 1435 1503 1482 detestaren-

122 1515 192 1551 tur
216 1523 418 1552 errorem.
449 1507 579 1562 Quod
599 1507 632 1552 si
652 1507 800 1570 plebes
819 1507 928 1552 (1005
948 1506 992 1551 in
1014 1523 1097 1551 una
1124 1507 1316 1551 Ecclesia
1342 1508 1508 1570 episco-

122 1595 201 1638 pos
221 1577 329 1622 ferre
354 1594 441 1622 non
460 1589 633 1640 possent
652 1616 661 1633 ,
691 1579 916 1641 utriusque
935 1578 988 1623 de
1013 1576 1154 1622 medio
1172 1577 1470 1623 recedentibus
1491 1615 1500 1630 ,

123 1647 278 1706 singuli
308 1649 675 1693 constituerentur
701 1649 920 1711 episcopi,
954 1649 1010 1692 ab
1041 1649 1098 1691 615
1132 1647 1348 1711 episcopis
1383 1648 1507 1693 ordi-

123 1718 281 1772 nandi,
313 1719 389 1780 qui
422 1718 465 1763 in
491 1719 576 1764 suis
595 1719 802 1782 plebibus
829 1718 986 1778 singuli
1008 1718 1317 1766 invenirentur.
1349 1720 1399 1764 Iu
1424 1720 1507 1765 eis-

124 1788 221 1834 dem
243 1789 395 1834 litteris
412 1800 751 1835 commemorata
769 1800 830 1834 est
854 1789 983 1834 etiam
1004 1805 1130 1833 causa
1160 1789 1505 1835 Maximianista-

125 1875 221 1903 rum
240 1896 250 1913 ‚
290 1877 336 1904 ex
374 1860 537 1922 quibus
578 1879 600 1905 a
640 1878 681 1905 se
717 1860 933 1905 danmatis
973 1869 1149 1922 propter
1183 1877 1338 1922 pacem
1371 1861 1508 1923 partis

128 1930 286 1974 Donati
305 1929 516 1992 quosdam
535 1931 578 1975 in
598 1930 839 1975 honoribus
857 1930 1031 1988 integris
1049 1940 1331 1992 susceperunt
1351 1967 1361 1986 ‚
1388 1941 1429 1975 et
1449 1931 1505 1976 ab

126 2001 184 2046 eis
201 2001 353 2046 datum
382 2001 425 2046 in
452 2001 656 2061 sacrilego
680 2002 912 2047 schismate
931 2000 1198 2063 baptismum
1215 2018 1301 2046 non
1316 2002 1508 2048 rescide-

127 2083 231 2117 runt
255 2090 265 2116 :
292 2083 333 2117 61
352 2082 507 2133 Cretera
530 2089 629 2135 quae
648 2072 691 2117 in
711 2073 957 2117 memoratis
974 2071 1126 2116 litteris
1144 2072 1438 2119 continentur.

193 2143 290 2189 Vll.
336 2144 460 2188 Sexto
500 2143 598 2188 loco
632 2144 860 2188 recitatum
889 2153 950 2188 651
981 2143 1109 2186 etiam
1149 2142 1342 2187 edictum
1373 2143 1509 2205 ipsius

131 2213 376 2273 Cognitoris
396 2250 405 2267 ‚
446 2213 563 2275 quod
604 2223 892 2276 proposuerat
924 2228 1023 2257 cum
1054 2212 1308 2274 supradicta
1339 2216 1509 2261 notaria

130 2284 456 2330 Donatistarum
475 2321 485 2339 ‚
517 2294 559 2328 et
588 2283 850 2346 supradictis
873 2282 1025 2328 litteris
1050 2282 1380 2329 Catholicorum
1400 2284 1509 2330 insi-

131 2372 268 2401 nuans
290 2354 457 2418 populo
474 2391 484 2409 ,
511 2372 609 2418 quae
632 2354 695 2399 illi
722 2372 819 2417 pars
841 2366 1023 2416 utraque
1041 2353 1319 2416 rescripserit.

196 2426 318 2472 Vlll.
342 2425 643 2489 Septimoloco
664 2426 854 2471 recitata}
870 2426 990 2470 sunt?
1007 2424 1161 2470 litterae
1177 2424 1508 2470 Catholicorum

133 2496 188 2542 ad
213 2497 491 2556 Cognitorem
512 2495 651 2552 datae,
677 2496 838 2559 quibus
864 2495 1189 2541 Donatistarum
1215 2496 1397 2542 notariae
1415 2513 1507 2542 res-

182 2581 191 2602 ¹
211 2580 350 2623 Epistola
372 2580 445 2611 128.
463 2581 545 2610 inter
568 2579 820 2620 Augustiniauas.
838 2595 882 2601 —-
901 2577 1017 2612 21bid.
1039 2589 1116 2619 1²9·

1301 2632 1343 2676 13.
