1763 2838
283 173 370 222 108
680 187 713 216 s.
758 184 995 217 At'crsTINl
1032 187 1232 218 EPISCOPI

277 256 417 302 facere
455 261 756 300 consenserunt
780 288 791 308 ,
833 251 952 315 quod
993 252 1137 316 primo
1172 262 1443 312 negaverant.
1486 253 1647 299 Omnia

275 326 437 389 scripta
462 335 588 379 sunt,
615 321 818 368 omnibus
842 323 1138 385 &discriptum
1158 334 1231 369 est.
1262 323 1365 368 Ideo
1390 323 1502 369 enim
1523 323 1647 368 vide-

275 396 437 442 bantur
476 394 590 439 nolle
629 392 926 447 subscribere,
956 402 1002 437 ut
1038 411 1190 453 negare
1225 412 1266 439 se
1295 395 1461 457 possint
1497 393 1647 439 dixisse

275 465 394 531 quod
426 465 644 519 dixerant,
673 474 714 508 et
745 463 796 508 de
821 464 946 523 gestis
974 465 1190 526 corruptis
1209 465 1351 524 judici
1371 464 1641 510 calumniari.

278 536 410 594 Quod
442 535 572 580 modo
600 534 702 598 quia
726 551 813 579 non
846 544 1050 598 possunt,
1081 534 1234 579 dicunt
1262 535 1406 597 ipsum
1442 551 1527 580 esse
1556 551 1650 579 cor-

276 617 458 670 ruptum
480 624 490 650 t
511 606 586 669 qui
612 615 660 650 ut
688 615 838 650 contra
861 605 955 650 illos
973 604 1215 665 judicaret,
1241 605 1411 650 nonnisi
1438 605 1521 668 ipsi
1538 604 1651 651 fece-

277 687 403 733 runt,
431 677 506 740 qui
527 686 675 722 contra
699 693 740 720 se
758 675 873 739 ipsos
891 692 972 738 pro
996 675 1122 721 nobis
1148 685 1266 720 tanta
1292 675 1492 721 dixerunt
1512 693 1523 720 ι
1550 692 1650 739 quae

277 758 326 794 ut
347 764 499 807 negare
511 763 597 792 non
616 756 813 810 possent,
835 746 999 791 etiamsi
1020 746 1158 791 eoacti
1177 756 1218 791 et
1236 745 1383 801 inviti,
1402 746 1488 791 suis
1506 755 1650 792 tamen

278 817 654 882 prosecutionibus
679 816 1040 879 subscripserunt.
1073 816 1175 862 Ideo
1190 833 1288 875 ergo
1313 815 1519 861 nolebant
1542 816 1651 862 sub-

278 889 489 944 scribere,
517 898 567 932 ut
584 887 733 933 liceret
751 887 809 932 eis
825 904 903 950 per
924 887 1188 933 calumniam
1218 897 1527 950 corruptorum
1554 904 1649 947 ges-

278 969 422 1004 torum
440 974 595 1018 negare
613 956 731 1020 quod
755 956 948 1002 dixerant
976 974 986 1001 t
1014 967 1055 1002 et
1078 957 1174 1003 ideo
1198 967 1347 1020 postea
1368 957 1552 1002 instante
1573 959 1650 1017 ju-

279 1029 375 1076 dice
408 1038 744 1084 consenserunt⁷
773 1027 874 1091 quia
912 1028 1155 1073 sentiebant
1187 1028 1388 1073 omnibus
1415 1044 1648 1091 apparere,

277 1100 389 1146 nihil
409 1117 450 1146 se
468 1099 585 1145 aliud
606 1098 796 1145 indicare
818 1097 1004 1144 nolendo
1030 1099 1304 1144 subscribere
1319 1134 1330 1156 ,
1360 1098 1440 1143 nisi
1461 1115 1502 1143 se
1518 1098 1651 1145 verba

277 1189 354 1218 sua
376 1189 428 1217 ne
454 1170 537 1216 sibi
559 1170 801 1230 legerentur
826 1170 988 1216 timere.
1025 1169 1277 1215 Maluerunt
1305 1169 1420 1214 enim
1442 1185 1652 1232 prosecu-

279 1243 413 1288 tiones
427 1258 522 1288 suas
532 1241 883 1305 quibuscumque
900 1240 1069 1286 nebulis
1080 1251 1229 1305 postea
1247 1238 1475 1286 defendere
1492 1276 1503 1297 ,
1519 1255 1652 1304 quam

277 1330 345 1359 eas
365 1323 451 1358 tam
476 1312 563 1358 cito
582 1311 803 1358 damnare.

343 1384 462 1431 XVI.
506 1382 591 1429 Sed
618 1382 784 1439 videte,
813 1399 1013 1443 rogamus
1040 1399 1139 1440 vos,⁹
1166 1381 1535 1447 quemadmodum
1559 1380 1653 1444 ipsa

276 1472 352 1501 sua
378 1454 621 1500 defensione
647 1472 688 1499 se
706 1458 828 1518 pejus
851 1454 1104 1518 implicent,
1137 1464 1178 1499 et
1210 1464 1340 1514 agant
1359 1470 1532 1499 cansam
1556 1469 1653 1497 nos-

276 1536 387 1572 tram
401 1563 411 1581 ,
429 1535 470 1571 et
486 1525 663 1572 omnino
684 1522 901 1588 perimant
926 1541 1061 1571 suani.
1091 1525 1201 1570 Nam
1223 1535 1320 1587 post
1342 1523 1624 1568 Collationem
1638 1559 1649 1576 ‚

278 1607 558 1660 posteaquam
594 1596 698 1642 victi
744 1595 961 1659 appellare
986 1595 1216 1641 votuerunt
1235 1632 1245 1650 ,
1284 1596 1453 1653 objecta
1478 1604 1577 1639 sunt
1597 1593 1654 1638 eis

276 1667 374 1712 haec
406 1666 536 1712 verba
568 1683 579 1710 ε
610 1676 652 1711 et
677 1682 724 1711 ea
744 1676 959 1711 conantur
979 1668 1124 1728 pejore
1149 1681 1223 1710 sua
1247 1664 1544 1728 implicatione
1575 1663 1654 1710 de-

276 1736 474 1791 fendere,
498 1736 675 1799 quando
702 1736 757 1782 ab
783 1737 839 1781 cis
865 1735 972 1799 quid
1005 1736 1167 1796 egerint
1201 1735 1411 1799 quaeritis,
1453 1735 1518 1779 lta
1538 1734 1652 1780 enim

276 1823 351 1854 vos
369 1816 529 1868 putant
551 1823 626 1851 cor
648 1823 737 1852 non
773 1806 935 1851 habere
952 1844 961 1852 .
986 1817 1034 1851 ut
1055 1823 1141 1851 non
1175 1805 1420 1865 intelligatis
1447 1821 1517 1850 eos
1535 1804 1653 1850 omni

276 1877 409 1923 modo
430 1894 516 1923 esse
539 1889 786 1941 superatos;
824 1878 999 1941 quando
1023 1878 1147 1923 vohis
1166 1895 1213 1923 ca
1233 1877 1410 1933 dicunt,
1437 1894 1535 1940 quae
1556 1894 1654 1923 om-

277 1948 382 1995 nino
410 1965 497 1994 non
521 1948 740 2005 dicerent,
764 1949 795 1993 si
822 1948 989 2012 aliquid
1015 1948 1123 1994 utile
1142 1948 1261 2011 quod
1282 1947 1497 2005 dicerent,
1528 1948 1654 1993 inve-

277 2020 434 2065 nirent.
464 2019 574 2075 Quis
599 2019 713 2065 enim
744 2018 852 2065 ferat
881 2019 1018 2065 victos
1041 2018 1239 2063 homines
1272 2017 1505 2082 conqueri,
1533 2017 1654 2081 quod

277 2100 404 2135 nocte
427 2100 578 2136 contra
603 2107 673 2136 eos
701 2101 762 2136 est
784 2089 955 2153 prolata
991 2089 1200 2135 sententia
1229 2107 1238 2134 :
1266 2090 1389 2154 quasi
1422 2106 1509 2134 non
1539 2105 1654 2152 saepe

271 2159 442 2220 judices
467 2160 671 2208 audiendi
703 2160 930 2207 necessitas
952 2171 1117 2217 teneat,
1145 2171 1193 2207 ut
1214 2177 1350 2224 usque
1385 2159 1439 2206 ad
1470 2159 1653 2205 multam

276 2241 445 2294 partem
471 2232 610 2276 noctis
644 2231 788 2277 sedere
812 2235 1048 2291 cogantur?
1085 2233 1172 2277 Aut
1194 2231 1290 2277 ideo
1309 2248 1397 2277 non
1420 2241 1481 2276 est
1502 2246 1653 2277 verum

280 2300 398 2364 quod
417 2300 574 2347 dieitur
587 2340 597 2359 ‚
612 2302 713 2365 quia
726 2319 803 2365 per
815 2313 987 2348 noctem
1005 2302 1193 2349 dicitur?
1209 2302 1297 2349 Nec
1308 2302 1491 2348 audiunt
1507 2300 1655 2364 Serip-

278 2382 422 2417 turam
451 2371 709 2418 clamantem
731 2390 742 2417 :
765 2374 884 2419 «Per
902 2373 1015 2419 diem
1041 2373 1264 2420 mandavit
1289 2372 1500 2419 Dominus
1522 2370 1654 2417 mise-

281 2462 302 2484 D
326 2440 558 2489 ricordiam
594 2459 740 2503 suam,
781 2454 823 2493 et
860 2455 989 2492 nocte
1028 2443 1304 2496 declaravi&
1328 2464 1351 2488 »
1379 2442 1437 2492 Et
1456 2442 1613 2491 iterum
1636 2459 1650 2488 ε

329 2524 341 2548 ⁸
360 2524 444 2560 Psat.
462 2535 526 2566 xm,
547 2538 580 2569 9.
