1763 2838
278 162 371 218 444
701 177 736 207 s·
779 175 1022 207 AUGUSTINI
1059 176 1262 210 Eriscom

278 263 297 284 »
320 242 432 287 Juda
467 243 789 287 Testamentum
827 243 1026 287 Novum:
1054 263 1074 283 »
1111 243 1218 305 quid
1247 253 1344 288 est:
1383 264 1403 285 ‹<
1436 243 1658 290 Consum-

278 333 298 353 »
325 313 473 367 mabo,
493 335 512 353 »
533 313 613 357 nisi
643 313 866 376 implebo?
900 334 920 353 α
947 313 1045 357 Non
1074 314 1312 359 secundum
1353 325 1654 360 testamentum

279 403 299 423 »
324 383 442 446 quod
477 382 558 428 feci
582 384 782 445 patribus
801 399 949 427 eorum
971 383 1015 427 in
1040 382 1108 428 die
1130 401 1216 446 qua
1254 385 1526 446 apprehendi
1559 402 1657 430 ma—

277 475 298 495 »
323 471 427 498 num
443 471 610 509 eorum,
637 465 685 499 ut
704 454 927 499 educerem
950 470 1019 498 eos
1043 453 1096 498 de
1115 464 1224 499 terra
1249 456 1424 517 AEgypti
1449 455 1484 502 4.
1521 476 1542 496 »

343 525 521 570 XXXV.
541 526 653 583 Ergo
667 524 777 570 illud
794 534 1033 580 vetuserat‚
1050 524 1150 586 quia
1163 524 1249 570 hoc
1261 542 1421 570 novum
1439 536 1514 571 est.
1534 524 1659 570 Unde

277 594 409 653 igitur
437 594 545 639 illud
569 606 705 650 vetus,
736 595 822 640 boc
846 611 1025 647 novum,
1055 611 1152 639 cum
1179 594 1240 639 lex
1259 595 1405 640 eadem
1428 595 1660 658 impleatur

277 681 357 726 per
383 665 706 709 Testamentum
750 666 941 714 Novum,
975 681 1075 727 quae
1105 664 1210 708 dixit
1229 664 1273 709 in
1305 665 1492 717 Vetere:
1515 686 1535 706 «
1561 666 1658 709 Non

279 755 299 775 ›>
315 735 595 797 concupisces
615 735 631 763 2
650 739 668 780 D
696 735 807 791 Quia
827 736 926 797 ipsi,
944 735 1104 798 inquit,
1123 752 1209 780 non
1222 746 1600 797 perseveraverunt
1614 735 1659 780 in

280 814 569 849 »testamento
588 822 707 860 meo,
742 816 784 850 et
804 823 880 864 ego
907 805 1065 863 neglexi
1091 821 1186 860 eos,
1211 805 1319 850 dicit
1345 805 1556 850 Dominus
1581 806 1613 852 3.
1639 826 1659 846 ›>

278 875 391 933 Ergo
410 885 587 937 propter
605 875 755 919 veteris
778 874 966 919 bominis
984 892 1156 929 noxam,
1180 892 1281 938 quae
1296 893 1374 938 per
1388 876 1572 920 litteram
1587 879 1659 934 Ju-

278 944 449 988 bentcm
462 954 502 988 et
516 944 751 989 minantem
768 944 944 988 minime
960 945 1212 997 sanabatur,
1228 944 1363 989 dicitu
1374 962 1390 988 ι·
1414 945 1522 989 illud
1549 945 1658 989 Tes-

281 1025 517 1059 tamentum
545 1014 702 1067 Vetus;
727 1014 812 1058 hoc
838 1024 984 1058 autem
1014 1014 1207 1069 Novum,
1224 1025 1406 1076 propter
1423 1015 1659 1059 novitatem

278 1085 455 1145 spiritus
474 1122 483 1137 ‚
510 1101 609 1147 quae
633 1085 856 1129 bominem
882 1101 1042 1128 novum
1075 1094 1195 1128 sanat
1231 1102 1252 1129 a
1275 1084 1380 1129 vitio
1412 1084 1650 1130 vetustatis.

281 1154 477 1216 Denique
496 1154 668 1199 attende
689 1153 807 1216 quod
843 1154 1052 1216 sequitur,
1085 1165 1127 1198 et
1148 1153 1246 1199 vide
1267 1165 1431 1216 quanta
1461 1154 1557 1198 luce
1584 1155 1659 1198 fiat

278 1224 577 1286 perspicuum,
607 1224 724 1287 quod
746 1223 828 1268 sibi
847 1224 1028 1268 fidentes
1053 1223 1211 1268 nolunt
1235 1224 1433 1268 homines
1463 1223 1619 1268 intueri
1643 1240 1654 1267 ι

277 1313 298 1333 «
323 1293 437 1347 Quia
453 1293 540 1338 hoc
554 1303 853 1339 testamentum
867 1304 944 1348 est,
964 1293 1125 1355 inquit„
1139 1293 1257 1356 quod
1276 1293 1490 1338 ordinabo
1508 1292 1659 1338 domui

279 1384 300 1404 »
321 1363 470 1409 Israel.
493 1364 597 1409 Post
615 1364 703 1409 dies
725 1363 837 1418 illos,
859 1364 967 1409 dicit
998 1364 1228 1418 Dominus,
1265 1363 1380 1408 dabo
1398 1363 1509 1421 leges
1542 1380 1657 1408 meas

278 1455 299 1476 »
317 1434 361 1479 in
380 1451 455 1479 cor
475 1434 669 1487 illorum,
695 1446 736 1480 et
760 1435 804 1479 in
820 1445 960 1480 mente
978 1452 1125 1480 eorum
1144 1434 1329 1480 scribam
1350 1451 1417 1479 eas
1438 1433 1473 1481 Δ.
1499 1455 1517 1475 u
1544 1435 1655 1478 Ecce

275 1516 337 1550 est
358 1505 472 1550 unde
509 1506 744 1568 Apostolus
770 1506 828 1554 ait
846 1544 856 1559 ,
885 1504 1006 1568 quod
1030 1522 1160 1568 supra
1178 1504 1612 1549 commemoravimus
1641 1521 1652 1548 ε

277 1596 297 1616 ι(
322 1577 420 1620 Non
460 1576 506 1620 in
538 1576 697 1622 tabulis
730 1577 931 1641 lapideis,
971 1575 1104 1620 sedin
1126 1574 1286 1619 tabulis
1323 1573 1528 1626 cordis3»
1553 1573 1658 1636 quia

273 1647 405 1691 »Non
425 1656 682 1702 atramento,
698 1649 770 1693 sed
795 1647 951 1711 spiritu
963 1646 1044 1690 Dei
1062 1644 1150 1690 vivi
1175 1644 1209 1690 5.
1228 1666 1247 1685 »
1266 1645 1354 1690 Nec
1376 1645 1434 1689 ob
1452 1642 1569 1688 aliud
1585 1660 1658 1688 ar-

276 1715 416 1760 bitror
437 1716 481 1760 in
503 1733 552 1761 eo
575 1716 670 1762 loco
697 1717 954 1781 Apostolum
978 1715 1161 1761 voluisse
1185 1730 1524 1760 commemorare
1550 1714 1658 1758 Tes-

276 1795 517 1830 tamentum
542 1787 730 1842 Novum,
773 1787 859 1842 (ibi
876 1786 1043 1849 quippe
1061 1786 1148 1829 ait:
1168 1806 1185 1825 «
1204 1785 1293 1840 Qui
1313 1795 1355 1829 et
1379 1784 1555 1829 idoneos
1576 1800 1657 1829 nos

277 1874 297 1895 >2
318 1854 418 1899 fecit
438 1855 654 1900 ministros
681 1858 791 1902 Novi
815 1854 1097 1909 Testamenti,
1120 1871 1208 1899 non
1232 1855 1406 1909 litterae,
1430 1854 1501 1898 sed
1523 1853 1656 1916 spiri-

277 1946 298 1967 »
322 1935 389 1969 tus
408 1925 444 1981 ⁶,
463 1928 509 1988 ›>)
538 1927 619 1971 nisi
642 1928 744 1990 quia
775 1928 900 1973 istam
928 1925 1179 1971 intuebatur
1218 1924 1517 1988 prophetiam,
1556 1941 1656 1969 cum

276 1995 437 2041 diceret
467 2013 478 2040 z
511 2017 530 2037 ιι
559 1998 654 2042 Non
688 1997 731 2042 in
760 1997 920 2043 tabulis
940 1994 1139 2059 lapideis,
1163 1994 1236 2040 sed
1262 1994 1307 2040 in
1332 1994 1494 2040 tabulis
1517 1994 1659 2040 cordis

275 2065 523 2111 carnalibus
544 2066 562 2094 7
592 2084 602 2111 z
631 2069 840 2130 quoniam
879 2066 954 2112 hic
978 2065 1147 2111 dictum
1187 2074 1249 2110 est
1289 2082 1300 2109 z
1325 2085 1344 2105 «
1369 2065 1420 2109 ln
1450 2063 1658 2109 cordibus

277 2152 426 2180 eorum
446 2137 634 2182 scribam
650 2154 719 2182 eas
738 2137 774 2191 8,
801 2136 879 2182 ubi
903 2136 1161 2181 nominatim
1182 2135 1442 2198 promissum
1464 2150 1524 2185 esi
1549 2135 1658 2180 Tes-

273 2216 515 2251 tamentum
543 2207 732 2253 Novum.

338 2276 539 2322 xxxvi.
577 2276 697 2332 Quid
717 2286 817 2321 sunt
840 2292 940 2334 ergo
963 2275 1073 2335 leges
1100 2274 1179 2320 Dei
1204 2274 1260 2319 ab
1283 2275 1378 2337 ipso
1401 2276 1491 2320 Deo
1513 2275 1650 2338 serip-

278 2354 335 2389 1ae
359 2345 403 2389 in
431 2346 638 2391 cordibus
657 2384 668 2403 ‚
702 2346 783 2392 nisi
806 2347 899 2409 ipsa
922 2346 1152 2409 praesentia
1178 2345 1364 2408 Spiritus
1382 2345 1520 2391 sancti
1538 2382 1548 2401 ,
1581 2345 1655 2408 qui

320 2445 576 2483 ¹Jerem.xxx1,
599 2449 651 2477 31.
669 2465 707 2470 --
727 2446 743 2468 2
758 2446 859 2480 Exod.
875 2457 927 2482 xx,
948 2457 1000 2483 17.
1024 2462 1068 2468 —-
1088 2442 1238 2476 3Jeren1.
1259 2456 1352 2486 xxxi,
1381 2447 1434 2475 32.
1462 2462 1502 2467 —
1527 2442 1542 2465 4
1571 2444 1654 2484 Ibid-

280 2502 333 2531 33,
353 2518 398 2524 ——
414 2498 427 2522 ⁵
443 2512 459 2531 α
479 2502 617 2538 Cor.111‚
636 2504 666 2534 3.
683 2519 728 2525 —
742 2499 757 2521 5
772 2501 852 2533 Ibid.
868 2503 901 2533 6.
917 2519 951 2524 -
979 2499 993 2521 ⁷
1013 2499 1096 2533 lbid.
1116 2502 1148 2534 3.
1163 2498 1235 2524 -3
1255 2503 1375 2533 Jerem.
1399 2511 1490 2539 xxxi,
1508 2502 1561 2532 33.
