1763 2838
249 165 339 212 ⁸250
669 185 705 213 S.
749 183 994 214 AUGUS'I'INI
1031 185 1235 216 EPISCOPI

247 264 294 293 ea
315 247 593 307 neglexeritis,
613 248 790 312 quando
806 259 920 294 extra
936 261 1119 296 vestram
1142 252 1492 298 communionem
1513 252 1624 317 hap-

248 318 399 363 tizatos
424 337 446 364 a
473 319 705 371 damnatis,
734 330 882 364 contra
924 337 1032 382 quos
1051 320 1103 366 de
1122 322 1312 367 basilicis
1338 322 1626 369 excludendos

248 388 507 448 litigabatis,
538 390 626 435 sine
648 390 734 435 ulla
757 390 1012 453 repetitione
1054 392 1331 455 baptismatis
1363 395 1620 457 suscepistis,

250 459 314 503 De
334 460 540 505 sententia
564 477 663 506 vero
688 462 917 523 Cypriani,
950 461 1017 506 vel
1042 462 1305 521 collegarum
1326 467 1433 522 ejus,
1462 465 1624 526 quibus

250 537 355 572 tunc
381 529 567 591 placuit,
591 532 804 576 venientes
829 532 884 576 al)
920 532 1138 576 haereticis
1158 533 1376 595 baptizare
1403 543 1626 597 oportere,

251 597 428 658 longum
451 611 512 647 est
538 612 585 646 ut
608 619 690 664 pro
722 602 873 646 merito
898 602 1133 665 disputem.
1168 603 1251 648 Sed
1274 605 1399 648 istam
1427 614 1472 649 tu
1498 605 1624 661 mihi,

251 670 284 714 si
301 681 441 732 potes,
464 671 639 719 brevem
662 672 775 717 solve
791 673 1089 735 quiestionem.
1116 673 1304 728 Quando
1328 674 1629 737 rebaptizabat

253 742 499 803 Cyprianus
524 743 578 789 al)
597 743 814 789 111-01011015
827 744 1059 797 venientes,
1091 744 1294 789 Ecclesiae
1309 745 1630 804 Carthaginen-

250 811 305 856 sis
328 813 577 874 episcopus,
609 825 713 859 tunc
733 814 937 859 Ecclesiae
962 816 1172 859 Romanae
1201 815 1449 877 Stephanus
1465 817 1630 878 episeo-

251 882 399 944 pus-in
415 883 567 929 eodem
592 884 828 946 baptismo,
850 902 977 947 quem
1006 884 1108 930 foris
1128 896 1401 948 acceperant,
1422 887 1631 949 suscipio·
1664 928 1677 941 ,

254 951 331 996 bat
354 952 604 1009 haereticos3
634 965 674 999 et
694 955 824 1000 ambo
853 955 950 1000 haec
969 955 1134 1000 diversa
1158 955 1379 1009 facientes,
1402 956 1445 1001 in
1467 957 1631 1001 unitate

254 1023 470 1069 catholica
505 1026 833 1087 permanebant.
879 1026 961 1071 Die
986 1026 1093 1070 mihi
1117 1063 1126 1079 ‚
1161 1036 1304 1070 utrum
1340 1026 1414 1070 illo
1438 1037 1632 1089 tempore

253 1093 462 1148 Ecclesia,
489 1095 666 1158 quando
692 1096 932 1142 secundum
960 1114 1049 1149 vos,
1073 1097 1269 1140 omnium
1290 1096 1524 1141 criminum
1541 1113 1632 1141 reos

253 1163 342 1210 sine
367 1164 587 1227 baptismo
610 1167 849 1229 recipiebat
871 1185 948 1230 per
968 1167 1240 1229 Stephanum
1256 1177 1297 1211 et
1317 1170 1406 1226 ejus
1428 1167 1632 1212 innume-

253 1233 408 1284 rabiles
426 1246 515 1280 toto
531 1237 636 1281 orbe
652 1237 852 1296 collegas,
867 1238 943 1300 qui
957 1236 1145 1295 ejusdem
1162 1237 1384 1281 sententiae
1398 1237 1633 1300 participes

254 1315 376 1349 orant
394 1305 604 1351 malornm
626 1307 899 1366 contagione.
922 1307 1124 1370 perierat,
1155 1324 1298 1352 annon
1314 1307 1529 1369 perierat?
1551 1308 1634 1352 Ne-

257 1375 466 1435 queenim
493 1375 593 1424 istos
608 1377 742 1424 malos
763 1377 925 1439 poteris
946 1377 1088 1423 dicere
1115 1377 1308 1422 occultos
1334 1394 1343 1421 z
1367 1377 1566 1438 quamvis
1586 1387 1632 1422 tu

257 1460 413 1490 asseras
432 1462 584 1490 nocere
606 1464 654 1493 ac
679 1448 940 1493 mortificare
961 1458 1001 1491 et
1027 1446 1234 1493 occultos.
1269 1446 1476 1509 Quisquis
1499 1447 1633 1506 igitur

255 1513 497 1568 homicida,
521 1516 586 1562 vel
601 1518 728 1564 etiam
749 1518 987 1581 parricida,
1013 1517 1197 1572 adulter,
1221 1518 1471 1583 incestator,
1496 1517 1635 1562 idolo-

258 1584 384 1638 latra,
413 1586 613 1652 codicum
637 1588 824 1652 denique
843 1600 1092 1635 sanctorum
1112 1606 1198 1634 non
1218 1588 1395 1633 timidus
1425 1588 1629 1644 traditor,

257 1655 327 1700 sed
349 1668 395 1701 ut
423 1657 896 1706 traderenturcrudelis
910 1671 1063 1713 tortor,
1085 1659 1351 1704 etviolentus
1375 1669 1575 1715 extortor,
1593 1670 1636 1704 et

250 1732 372 1784 jussu
395 1727 458 1771 vel
479 1746 607 1775 manu
620 1740 829 1776 extremus
851 1732 1065 1779 incensor.
1090 1729 1207 1792 apud
1234 1730 1464 1774 haereticos
1483 1729 1635 1792 bapti-

253 1807 389 1851 zatus,
417 1797 470 1842 ad
496 1800 768 1860 Stephanum
789 1811 829 1844 et
852 1804 943 1859 ejus
978 1801 1115 1845 socios
1135 1800 1268 1855 venit,
1305 1799 1543 1844 secundum
1561 1816 1635 1844 vos

255 1866 343 1911 sine
367 1867 585 1930 baptismo
603 1882 804 1933 exceptus
826 1882 900 1917 est.
928 1871 1222 1929 (lei-nisigitur
1244 1870 1389 1915 omnia
1405 1870 1636 1916 hominum

257 1938 461 1994 crimina,
483 1939 514 1984 si
536 1957 682 1987 verum
708 1953 765 1986 est
792 1941 909 2005 quod
933 1941 985 1986 de
1011 1942 1227 2004 baptismo
1248 1941 1411 1985 sentitis
1428 1977 1437 1995 ,
1460 1951 1566 1986 tunc
1591 1941 1636 1986 in

261 2008 452 2057 Ecclesia
487 2011 575 2058 51110
598 2012 817 2075 baptismo
843 2016 1129 2071 congregata?
1150 2011 1380 2073 Responde
1399 2020 1546 2056 utrum
1570 2011 1637 2056 his

255 2078 513 2128 criminibus
537 2083 581 2128 in
605 2083 751 2128 eadem
775 2085 935 2128 unitate
964 2083 1203 2128 maculatus
1222 2082 1351 2127 fuerit
1369 2082 1632 2145 Cyprianus,

250 2150 465 2210 responde
499 2163 643 2199 utrum
672 2155 859 2200 Ecclesia
885 2154 1076 2217 perierit,
1107 2171 1158 2198 an
1185 2170 1271 2198 non
1293 2152 1482 2214 perierit.
1520 2153 1638 2211 Elige

254 2222 372 2284 quod
389 2225 618 2285 putaveris.
648 2226 691 2269 Si
711 2230 801 2284 jam
828 2237 932 2270 tunc
953 2225 1157 2287 perierat.
1186 2225 1406 2267 Donatum
1433 2238 1532 2284 quae
1555 2239 1636 2285 pe-

254 2293 396 2354 perit?
428 2294 472 2338 51
498 2304 638 2339 autem
665 2305 726 2340 tot
747 2297 791 2340 in
812 2312 903 2340 eam
931 2295 1019 2339 sinc
1042 2294 1261 2356 baptismo
1281 2292 1532 2351 aggregatis,
1557 2309 1638 2354 pe-

254 2365 336 2410 rire
356 2381 441 2409 non
464 2365 626 2426 potuit,
661 2365 874 2428 responde
912 2381 1078 2427 quaeso,
1124 2375 1172 2408 ut
1191 2365 1246 2409 al)
1270 2379 1317 2407 ea
1339 2379 1402 2416 se,
1430 2372 1637 2424 tanquam

252 2434 465 2480 malorum
479 2437 829 2480 communionem
855 2435 1064 2490 devitans,
1092 2451 1190 2497 pars
1216 2432 1375 2478 Donati
1396 2442 1631 2495 separaret,

253 2524 354 2571 quee
380 2505 596 2552 dementia
620 2506 855 2569 persuasit?
