<?xml version="1.0" encoding="UTF-8"?>
<!DOCTYPE html PUBLIC "-//W3C//DTD XHTML 1.0 Transitional//EN"
    "http://www.w3.org/TR/xhtml1/DTD/xhtml1-transitional.dtd">
<html xmlns="http://www.w3.org/1999/xhtml" xml:lang="en" lang="en">
 <head>
  <title>
</title>
<meta http-equiv="Content-Type" content="text/html;charset=utf-8" />
  <meta name='ocr-system' content='tesseract 3.04.00' />
  <meta name='ocr-capabilities' content='ocr_page ocr_carea ocr_par ocr_line ocrx_word'/>
</head>
<body>
  <div class='ocr_page' id='page_1' title='image "./operaomniaaccura33auguuoft_0230.png"; bbox 0 0 1763 2838; ppageno 0'>
   <div class='ocr_carea' id='block_1_1' title="bbox 295 156 1266 190">
    <p class='ocr_par' dir='ltr' id='par_1_1' title="bbox 295 156 1266 190">
     <span class='ocr_line' id='line_1_1' title="bbox 295 156 1266 190; baseline 0.001 -1"><span class='ocrx_word' id='word_1_1' title='bbox 295 159 386 189; x_wconf 80' lang='lat'>220</span> <span class='ocrx_word' id='word_1_2' title='bbox 704 158 739 188; x_wconf 89' lang='lat' dir='ltr'>S.</span> <span class='ocrx_word' id='word_1_3' title='bbox 781 156 1027 189; x_wconf 80' lang='lat' dir='ltr'><strong>AUGUSTINI</strong></span> <span class='ocrx_word' id='word_1_4' title='bbox 1061 158 1266 190; x_wconf 86' lang='lat' dir='ltr'>EPISCOPI</span> 
     </span>
    </p>
   </div>
   <div class='ocr_carea' id='block_1_2' title="bbox 290 221 1694 2405">
    <p class='ocr_par' dir='ltr' id='par_1_2' title="bbox 290 221 1694 2405">
     <span class='ocr_line' id='line_1_2' title="bbox 290 221 1667 286; baseline 0.001 -18"><span class='ocrx_word' id='word_1_5' title='bbox 290 223 361 269; x_wconf 85' lang='lat' dir='ltr'>isti</span> <span class='ocrx_word' id='word_1_6' title='bbox 380 221 582 286; x_wconf 81' lang='lat' dir='ltr'>exemplis</span> <span class='ocrx_word' id='word_1_7' title='bbox 597 221 662 268; x_wconf 91' lang='lat' dir='ltr'>sui</span> <span class='ocrx_word' id='word_1_8' title='bbox 675 222 1066 281; x_wconf 76' lang='lat' dir='ltr'>sceleris’destituti,</span> <span class='ocrx_word' id='word_1_9' title='bbox 1085 224 1137 270; x_wconf 90' lang='lat' dir='ltr'>de</span> <span class='ocrx_word' id='word_1_10' title='bbox 1153 225 1511 272; x_wconf 81' lang='lat' dir='ltr'>Machabaeorum</span> <span class='ocrx_word' id='word_1_11' title='bbox 1526 223 1667 281; x_wconf 88' lang='lat' dir='ltr'>libris,</span> 
     </span>
     <span class='ocr_line' id='line_1_3' title="bbox 294 293 1672 356; baseline 0.001 -17"><span class='ocrx_word' id='word_1_12' title='bbox 294 304 501 356; x_wconf 80' lang='lat' dir='ltr'>tanquam</span> <span class='ocrx_word' id='word_1_13' title='bbox 531 293 793 339; x_wconf 85' lang='lat' dir='ltr'>imitandum</span> <span class='ocrx_word' id='word_1_14' title='bbox 819 310 860 338; x_wconf 88' lang='lat' dir='ltr'>se</span> <span class='ocrx_word' id='word_1_15' title='bbox 882 294 1094 340; x_wconf 88' lang='lat' dir='ltr'>invenisse</span> <span class='ocrx_word' id='word_1_16' title='bbox 1125 295 1384 356; x_wconf 79' lang='lat' dir='ltr'>gloriantur,</span> <span class='ocrx_word' id='word_1_17' title='bbox 1415 297 1500 342; x_wconf 91' lang='lat' dir='ltr'>hoc</span> <span class='ocrx_word' id='word_1_18' title='bbox 1534 295 1672 341; x_wconf 82' lang='lat' dir='ltr'>facere</span> 
     </span>
     <span class='ocr_line' id='line_1_4' title="bbox 295 363 1673 430; baseline 0.002 -21"><span class='ocrx_word' id='word_1_19' title='bbox 295 363 495 420; x_wconf 72' lang='lat' dir='ltr'>debuit1,</span> <span class='ocrx_word' id='word_1_20' title='bbox 512 364 655 426; x_wconf 87' lang='lat' dir='ltr'>quoin</span> <span class='ocrx_word' id='word_1_21' title='bbox 675 364 831 410; x_wconf 86' lang='lat' dir='ltr'>eisdem</span> <span class='ocrx_word' id='word_1_22' title='bbox 845 364 1017 411; x_wconf 83' lang='lat' dir='ltr'>Litteris</span> <span class='ocrx_word' id='word_1_23' title='bbox 1039 365 1242 426; x_wconf 85' lang='lat' dir='ltr'>leguntur</span> <span class='ocrx_word' id='word_1_24' title='bbox 1258 378 1421 430; x_wconf 83' lang='lat' dir='ltr'><strong>septem</strong></span> <span class='ocrx_word' id='word_1_25' title='bbox 1441 367 1506 413; x_wconf 91' lang='lat' dir='ltr'>illi</span> <span class='ocrx_word' id='word_1_26' title='bbox 1521 366 1673 412; x_wconf 87' lang='lat' dir='ltr'>fratres</span> 
     </span>
     <span class='ocr_line' id='line_1_5' title="bbox 292 433 1675 499; baseline 0.002 -20"><span class='ocrx_word' id='word_1_27' title='bbox 292 435 421 480; x_wconf 87' lang='lat' dir='ltr'>etiam</span> <span class='ocrx_word' id='word_1_28' title='bbox 445 434 696 480; x_wconf 75' lang='lat' dir='ltr'>exhortante</span> <span class='ocrx_word' id='word_1_29' title='bbox 730 445 866 480; x_wconf 84' lang='lat' dir='ltr'>matre</span> <span class='ocrx_word' id='word_1_30' title='bbox 900 433 1049 481; x_wconf 85' lang='lat' dir='ltr'>fecisse</span> <span class='ocrx_word' id='word_1_31' title='bbox 1067 436 1105 492; x_wconf 75' lang='lat'>²³,</span> <span class='ocrx_word' id='word_1_32' title='bbox 1138 447 1186 481; x_wconf 91' lang='lat' dir='ltr'>ut</span> <span class='ocrx_word' id='word_1_33' title='bbox 1211 437 1568 499; x_wconf 85' lang='lat' dir='ltr'>comprehensus,</span> <span class='ocrx_word' id='word_1_34' title='bbox 1586 446 1627 481; x_wconf 85' lang='lat' dir='ltr'>et</span> <span class='ocrx_word' id='word_1_35' title='bbox 1650 453 1675 481; x_wconf 87' lang='lat' dir='ltr'>a</span> 
     </span>
     <span class='ocr_line' id='line_1_6' title="bbox 292 505 1676 570; baseline 0.002 -21"><span class='ocrx_word' id='word_1_36' title='bbox 292 505 381 564; x_wconf 81' lang='lat' dir='ltr'>lege</span> <span class='ocrx_word' id='word_1_37' title='bbox 390 505 567 550; x_wconf 88' lang='lat' dir='ltr'>Domini</span> <span class='ocrx_word' id='word_1_38' title='bbox 585 506 650 551; x_wconf 91' lang='lat' dir='ltr'>sui</span> <span class='ocrx_word' id='word_1_39' title='bbox 666 523 752 551; x_wconf 90' lang='lat' dir='ltr'>non</span> <span class='ocrx_word' id='word_1_40' title='bbox 773 523 963 561; x_wconf 81' lang='lat' dir='ltr'>averSUS,</span> <span class='ocrx_word' id='word_1_41' title='bbox 985 523 1112 552; x_wconf 89' lang='lat' dir='ltr'>omne</span> <span class='ocrx_word' id='word_1_42' title='bbox 1129 507 1250 570; x_wconf 89' lang='lat' dir='ltr'>quod</span> <span class='ocrx_word' id='word_1_43' title='bbox 1268 507 1305 552; x_wconf 91' lang='lat' dir='ltr'>ei</span> <span class='ocrx_word' id='word_1_44' title='bbox 1325 507 1588 570; x_wconf 80' lang='lat' dir='ltr'>applicitum</span> <span class='ocrx_word' id='word_1_45' title='bbox 1605 523 1676 552; x_wconf 88' lang='lat' dir='ltr'>es-</span> 
     </span>
     <span class='ocr_line' id='line_1_7' title="bbox 295 575 1677 638; baseline 0.001 -17"><span class='ocrx_word' id='word_1_46' title='bbox 295 585 356 621; x_wconf 88' lang='lat' dir='ltr'>set</span> <span class='ocrx_word' id='word_1_47' title='bbox 376 575 606 638; x_wconf 84' lang='lat' dir='ltr'>acciperet,</span> <span class='ocrx_word' id='word_1_48' title='bbox 633 587 675 622; x_wconf 86' lang='lat' dir='ltr'>et</span> <span class='ocrx_word' id='word_1_49' title='bbox 696 576 739 621; x_wconf 90' lang='lat' dir='ltr'>in</span> <span class='ocrx_word' id='word_1_50' title='bbox 759 576 907 622; x_wconf 89' lang='lat' dir='ltr'>dolore</span> <span class='ocrx_word' id='word_1_51' title='bbox 931 577 1174 631; x_wconf 84' lang='lat' dir='ltr'>sustineret,</span> <span class='ocrx_word' id='word_1_52' title='bbox 1199 577 1306 623; x_wconf 92' lang='lat' dir='ltr'>etin</span> <span class='ocrx_word' id='word_1_53' title='bbox 1329 577 1577 623; x_wconf 84' lang='lat' dir='ltr'>humilitate</span> <span class='ocrx_word' id='word_1_54' title='bbox 1602 593 1677 622; x_wconf 86' lang='lat' dir='ltr'>sua</span> 
     </span>
     <span class='ocr_line' id='line_1_8' title="bbox 295 646 1680 709; baseline 0.001 -19"><span class='ocrx_word' id='word_1_55' title='bbox 295 646 551 709; x_wconf 83' lang='lat' dir='ltr'>patientiam</span> <span class='ocrx_word' id='word_1_56' title='bbox 589 647 784 693; x_wconf 81' lang='lat' dir='ltr'>haberet.</span> <span class='ocrx_word' id='word_1_57' title='bbox 827 648 1048 704; x_wconf 84' lang='lat' dir='ltr'>Quocirca</span> <span class='ocrx_word' id='word_1_58' title='bbox 1071 647 1364 694; x_wconf 83' lang='lat' dir='ltr'>humilitatem</span> <span class='ocrx_word' id='word_1_59' title='bbox 1396 648 1506 694; x_wconf 91' lang='lat' dir='ltr'>inter</span> <span class='ocrx_word' id='word_1_60' title='bbox 1528 663 1680 693; x_wconf 84' lang='lat' dir='ltr'>manus</span> 
     </span>
     <span class='ocr_line' id='line_1_9' title="bbox 301 716 1681 781; baseline 0.001 -20"><span class='ocrx_word' id='word_1_61' title='bbox 301 716 580 762; x_wconf 90' lang='lat' dir='ltr'>inimicorum</span> <span class='ocrx_word' id='word_1_62' title='bbox 609 734 698 762; x_wconf 87' lang='lat' dir='ltr'>non</span> <span class='ocrx_word' id='word_1_63' title='bbox 723 717 868 763; x_wconf 78' lang='lat' dir='ltr'>valens</span> <span class='ocrx_word' id='word_1_64' title='bbox 889 717 999 763; x_wconf 80' lang='lat' dir='ltr'>serre</span> <span class='ocrx_word' id='word_1_65' title='bbox 1021 755 1031 774; x_wconf 92' lang='lat'>,</span> <span class='ocrx_word' id='word_1_66' title='bbox 1070 735 1158 763; x_wconf 88' lang='lat' dir='ltr'>non</span> <span class='ocrx_word' id='word_1_67' title='bbox 1182 717 1311 781; x_wconf 82' lang='lat' dir='ltr'>plane</span> <span class='ocrx_word' id='word_1_68' title='bbox 1343 718 1586 781; x_wconf 84' lang='lat' dir='ltr'>sapientiae,</span> <span class='ocrx_word' id='word_1_69' title='bbox 1607 716 1681 762; x_wconf 89' lang='lat' dir='ltr'>sed</span> 
     </span>
     <span class='ocr_line' id='line_1_10' title="bbox 294 786 1681 852; baseline -0.001 -19"><span class='ocrx_word' id='word_1_70' title='bbox 294 787 554 850; x_wconf 84' lang='lat' dir='ltr'>insipientiae</span> <span class='ocrx_word' id='word_1_71' title='bbox 567 788 687 834; x_wconf 88' lang='lat' dir='ltr'>dedit</span> <span class='ocrx_word' id='word_1_72' title='bbox 704 788 967 851; x_wconf 88' lang='lat' dir='ltr'>exemplum,</span> <span class='ocrx_word' id='word_1_73' title='bbox 991 807 1078 834; x_wconf 88' lang='lat' dir='ltr'>non</span> <span class='ocrx_word' id='word_1_74' title='bbox 1103 789 1266 834; x_wconf 83' lang='lat' dir='ltr'>Christi</span> <span class='ocrx_word' id='word_1_75' title='bbox 1289 789 1575 852; x_wconf 79' lang='lat' dir='ltr'>martyribus,</span> <span class='ocrx_word' id='word_1_76' title='bbox 1607 786 1681 833; x_wconf 84' lang='lat' dir='ltr'>sed</span> 
     </span>
     <span class='ocr_line' id='line_1_11' title="bbox 300 856 1683 906; baseline -0.001 -3"><span class='ocrx_word' id='word_1_77' title='bbox 300 858 461 903; x_wconf 85' lang='lat' dir='ltr'>Donati</span> <span class='ocrx_word' id='word_1_78' title='bbox 487 858 929 904; x_wconf 82' lang='lat' dir='ltr'>Circumcellionibus</span> <span class='ocrx_word' id='word_1_79' title='bbox 966 859 1226 905; x_wconf 88' lang='lat' dir='ltr'>imitandum</span> <span class='ocrx_word' id='word_1_80' title='bbox 1252 859 1284 906; x_wconf 74' lang='lat'>3.</span> <span class='ocrx_word' id='word_1_81' title='bbox 1324 859 1629 905; x_wconf 80' lang='lat' dir='ltr'>Verumtamen</span> <span class='ocrx_word' id='word_1_82' title='bbox 1648 856 1683 902; x_wconf 89' lang='lat' dir='ltr'>si</span> 
     </span>
     <span class='ocr_line' id='line_1_12' title="bbox 298 926 1684 992; baseline 0.002 -21"><span class='ocrx_word' id='word_1_83' title='bbox 298 926 546 986; x_wconf 81' lang='lat' dir='ltr'>diligentius</span> <span class='ocrx_word' id='word_1_84' title='bbox 564 928 901 984; x_wconf 76' lang='lat' dir='ltr'>consideremus,</span> <span class='ocrx_word' id='word_1_85' title='bbox 938 940 979 974; x_wconf 91' lang='lat' dir='ltr'>et</span> <span class='ocrx_word' id='word_1_86' title='bbox 1007 930 1061 974; x_wconf 84' lang='lat' dir='ltr'>ab</span> <span class='ocrx_word' id='word_1_87' title='bbox 1089 929 1169 974; x_wconf 88' lang='lat' dir='ltr'>isto</span> <span class='ocrx_word' id='word_1_88' title='bbox 1188 930 1407 992; x_wconf 81' lang='lat' dir='ltr'>apparetis</span> <span class='ocrx_word' id='word_1_89' title='bbox 1427 929 1567 974; x_wconf 90' lang='lat' dir='ltr'>alieni.</span> <span class='ocrx_word' id='word_1_90' title='bbox 1599 930 1684 974; x_wconf 87' lang='lat' dir='ltr'>Iste</span> 
     </span>
     <span class='ocr_line' id='line_1_13' title="bbox 301 997 1684 1061; baseline 0.002 -20"><span class='ocrx_word' id='word_1_91' title='bbox 301 997 468 1060; x_wconf 85' lang='lat' dir='ltr'>quippe</span> <span class='ocrx_word' id='word_1_92' title='bbox 491 1015 590 1043; x_wconf 91' lang='lat' dir='ltr'>cum</span> <span class='ocrx_word' id='word_1_93' title='bbox 607 1001 699 1057; x_wconf 82' lang='lat' dir='ltr'>jam</span> <span class='ocrx_word' id='word_1_94' title='bbox 720 997 1164 1061; x_wconf 83' lang='lat' dir='ltr'>comprehenderetur</span> <span class='ocrx_word' id='word_1_95' title='bbox 1179 1000 1234 1044; x_wconf 84' lang='lat' dir='ltr'>ab</span> <span class='ocrx_word' id='word_1_96' title='bbox 1253 999 1471 1055; x_wconf 82' lang='lat' dir='ltr'>hostibus,</span> <span class='ocrx_word' id='word_1_97' title='bbox 1497 1016 1586 1044; x_wconf 92' lang='lat' dir='ltr'>non</span> <span class='ocrx_word' id='word_1_98' title='bbox 1606 999 1684 1044; x_wconf 88' lang='lat' dir='ltr'>ha-</span> 
     </span>
     <span class='ocr_line' id='line_1_14' title="bbox 296 1067 1684 1132; baseline 0.001 -20"><span class='ocrx_word' id='word_1_99' title='bbox 296 1067 396 1112; x_wconf 83' lang='lat' dir='ltr'>buit</span> <span class='ocrx_word' id='word_1_100' title='bbox 421 1067 603 1114; x_wconf 75' lang='lat' dir='ltr'>liberam</span> <span class='ocrx_word' id='word_1_101' title='bbox 617 1068 764 1128; x_wconf 81' lang='lat' dir='ltr'>fugam</span> <span class='ocrx_word' id='word_1_102' title='bbox 781 1088 792 1122; x_wconf 91' lang='lat'>;</span> <span class='ocrx_word' id='word_1_103' title='bbox 808 1068 906 1114; x_wconf 89' lang='lat' dir='ltr'>ideo</span> <span class='ocrx_word' id='word_1_104' title='bbox 924 1086 966 1114; x_wconf 89' lang='lat' dir='ltr'>se</span> <span class='ocrx_word' id='word_1_105' title='bbox 986 1069 1129 1129; x_wconf 80' lang='lat' dir='ltr'>gladio</span> <span class='ocrx_word' id='word_1_106' title='bbox 1143 1070 1372 1132; x_wconf 85' lang='lat' dir='ltr'>percussit,</span> <span class='ocrx_word' id='word_1_107' title='bbox 1391 1080 1434 1114; x_wconf 91' lang='lat' dir='ltr'>et</span> <span class='ocrx_word' id='word_1_108' title='bbox 1451 1085 1552 1115; x_wconf 91' lang='lat' dir='ltr'>cum</span> <span class='ocrx_word' id='word_1_109' title='bbox 1569 1068 1684 1131; x_wconf 86' lang='lat' dir='ltr'>peri-</span> 
     </span>
     <span class='ocr_line' id='line_1_15' title="bbox 301 1137 1685 1203; baseline 0 -20"><span class='ocrx_word' id='word_1_110' title='bbox 301 1153 416 1183; x_wconf 75' lang='lat' dir='ltr'>inere</span> <span class='ocrx_word' id='word_1_111' title='bbox 453 1156 541 1183; x_wconf 92' lang='lat' dir='ltr'>non</span> <span class='ocrx_word' id='word_1_112' title='bbox 578 1139 807 1202; x_wconf 88' lang='lat' dir='ltr'>potuisset,</span> <span class='ocrx_word' id='word_1_113' title='bbox 849 1138 903 1184; x_wconf 89' lang='lat' dir='ltr'>de</span> <span class='ocrx_word' id='word_1_114' title='bbox 937 1156 1062 1185; x_wconf 90' lang='lat' dir='ltr'>muro</span> <span class='ocrx_word' id='word_1_115' title='bbox 1097 1157 1139 1185; x_wconf 85' lang='lat' dir='ltr'>se</span> <span class='ocrx_word' id='word_1_116' title='bbox 1175 1139 1483 1203; x_wconf 68' lang='lat' dir='ltr'>praecipitavit.</span> <span class='ocrx_word' id='word_1_117' title='bbox 1520 1137 1685 1184; x_wconf 85' lang='lat' dir='ltr'>Deinde</span> 
     </span>
     <span class='ocr_line' id='line_1_16' title="bbox 303 1208 1686 1274; baseline 0 -20"><span class='ocrx_word' id='word_1_118' title='bbox 303 1208 539 1272; x_wconf 85' lang='lat' dir='ltr'>abruptam</span> <span class='ocrx_word' id='word_1_119' title='bbox 563 1221 749 1273; x_wconf 84' lang='lat' dir='ltr'>petram,</span> <span class='ocrx_word' id='word_1_120' title='bbox 791 1227 892 1256; x_wconf 90' lang='lat' dir='ltr'>cum</span> <span class='ocrx_word' id='word_1_121' title='bbox 925 1214 1018 1270; x_wconf 76' lang='lat' dir='ltr'>jam</span> <span class='ocrx_word' id='word_1_122' title='bbox 1052 1210 1197 1256; x_wconf 85' lang='lat' dir='ltr'>vivere</span> <span class='ocrx_word' id='word_1_123' title='bbox 1237 1227 1324 1255; x_wconf 87' lang='lat' dir='ltr'>non</span> <span class='ocrx_word' id='word_1_124' title='bbox 1347 1220 1510 1274; x_wconf 85' lang='lat' dir='ltr'>posset,</span> <span class='ocrx_word' id='word_1_125' title='bbox 1539 1209 1686 1254; x_wconf 80' lang='lat' dir='ltr'>adhuc</span> 
     </span>
     <span class='ocr_line' id='line_1_17' title="bbox 300 1279 1687 1344; baseline 0.001 -21"><span class='ocrx_word' id='word_1_126' title='bbox 300 1288 445 1324; x_wconf 85' lang='lat' dir='ltr'>tamen</span> <span class='ocrx_word' id='word_1_127' title='bbox 471 1280 656 1343; x_wconf 83' lang='lat' dir='ltr'>spirans,</span> <span class='ocrx_word' id='word_1_128' title='bbox 684 1291 725 1326; x_wconf 88' lang='lat' dir='ltr'>et</span> <span class='ocrx_word' id='word_1_129' title='bbox 751 1298 911 1343; x_wconf 88' lang='lat' dir='ltr'>corpus</span> <span class='ocrx_word' id='word_1_130' title='bbox 937 1282 1104 1344; x_wconf 88' lang='lat' dir='ltr'>impetu</span> <span class='ocrx_word' id='word_1_131' title='bbox 1136 1297 1330 1337; x_wconf 85' lang='lat' dir='ltr'>movenS,</span> <span class='ocrx_word' id='word_1_132' title='bbox 1369 1279 1603 1335; x_wconf 86' lang='lat' dir='ltr'>currendo,</span> <span class='ocrx_word' id='word_1_133' title='bbox 1629 1279 1687 1324; x_wconf 90' lang='lat' dir='ltr'>li·-</span> 
     </span>
     <span class='ocr_line' id='line_1_18' title="bbox 298 1350 1681 1413; baseline 0 -20"><span class='ocrx_word' id='word_1_134' title='bbox 298 1359 366 1393; x_wconf 90' lang='lat' dir='ltr'>cet</span> <span class='ocrx_word' id='word_1_135' title='bbox 383 1351 619 1410; x_wconf 81' lang='lat' dir='ltr'>exsanguis,</span> <span class='ocrx_word' id='word_1_136' title='bbox 646 1350 838 1396; x_wconf 87' lang='lat' dir='ltr'>obtinuit</span> <span class='ocrx_word' id='word_1_137' title='bbox 865 1368 876 1395; x_wconf 89' lang='lat'>:</span> <span class='ocrx_word' id='word_1_138' title='bbox 900 1350 978 1395; x_wconf 85' lang='lat' dir='ltr'>ubi</span> <span class='ocrx_word' id='word_1_139' title='bbox 1010 1361 1193 1413; x_wconf 86' lang='lat' dir='ltr'>utraque</span> <span class='ocrx_word' id='word_1_140' title='bbox 1218 1366 1350 1395; x_wconf 83' lang='lat' dir='ltr'>manu</span> <span class='ocrx_word' id='word_1_141' title='bbox 1371 1350 1587 1413; x_wconf 83' lang='lat' dir='ltr'>producta</span> <span class='ocrx_word' id='word_1_142' title='bbox 1604 1365 1681 1394; x_wconf 84' lang='lat' dir='ltr'>sua</span> 
     </span>
     <span class='ocr_line' id='line_1_19' title="bbox 299 1418 1687 1484; baseline 0 -21"><span class='ocrx_word' id='word_1_143' title='bbox 299 1418 501 1466; x_wconf 87' lang='lat' dir='ltr'>intestina</span> <span class='ocrx_word' id='word_1_144' title='bbox 535 1420 790 1484; x_wconf 85' lang='lat' dir='ltr'>discerpsit,</span> <span class='ocrx_word' id='word_1_145' title='bbox 829 1420 1058 1484; x_wconf 84' lang='lat' dir='ltr'>dispersit,</span> <span class='ocrx_word' id='word_1_146' title='bbox 1097 1420 1341 1465; x_wconf 86' lang='lat' dir='ltr'>occubuit:</span> <span class='ocrx_word' id='word_1_147' title='bbox 1367 1420 1496 1465; x_wconf 86' lang='lat' dir='ltr'>turba</span> <span class='ocrx_word' id='word_1_148' title='bbox 1517 1419 1577 1464; x_wconf 85' lang='lat' dir='ltr'>ita</span> <span class='ocrx_word' id='word_1_149' title='bbox 1596 1419 1687 1463; x_wconf 84' lang='lat' dir='ltr'>cir-</span> 
     </span>
     <span class='ocr_line' id='line_1_20' title="bbox 300 1488 1688 1554; baseline -0.001 -20"><span class='ocrx_word' id='word_1_150' title='bbox 300 1489 532 1536; x_wconf 88' lang='lat' dir='ltr'>cumdatus</span> <span class='ocrx_word' id='word_1_151' title='bbox 552 1502 599 1536; x_wconf 92' lang='lat' dir='ltr'>ut</span> <span class='ocrx_word' id='word_1_152' title='bbox 623 1492 803 1537; x_wconf 87' lang='lat' dir='ltr'>evadere</span> <span class='ocrx_word' id='word_1_153' title='bbox 828 1509 917 1537; x_wconf 88' lang='lat' dir='ltr'>non</span> <span class='ocrx_word' id='word_1_154' title='bbox 933 1502 1093 1554; x_wconf 85' lang='lat' dir='ltr'>posset,</span> <span class='ocrx_word' id='word_1_155' title='bbox 1121 1501 1163 1536; x_wconf 91' lang='lat' dir='ltr'>et</span> <span class='ocrx_word' id='word_1_156' title='bbox 1180 1491 1213 1536; x_wconf 88' lang='lat' dir='ltr'>si</span> <span class='ocrx_word' id='word_1_157' title='bbox 1235 1490 1378 1536; x_wconf 87' lang='lat' dir='ltr'>vivere</span> <span class='ocrx_word' id='word_1_158' title='bbox 1397 1500 1553 1554; x_wconf 86' lang='lat' dir='ltr'>posset.</span> <span class='ocrx_word' id='word_1_159' title='bbox 1600 1488 1688 1534; x_wconf 89' lang='lat' dir='ltr'>Vos</span> 
     </span>
     <span class='ocr_line' id='line_1_21' title="bbox 303 1560 1689 1625; baseline -0.001 -20"><span class='ocrx_word' id='word_1_160' title='bbox 303 1560 434 1620; x_wconf 76' lang='lat' dir='ltr'>igitur</span> <span class='ocrx_word' id='word_1_161' title='bbox 459 1562 534 1625; x_wconf 85' lang='lat' dir='ltr'>qui</span> <span class='ocrx_word' id='word_1_162' title='bbox 573 1579 652 1608; x_wconf 91' lang='lat' dir='ltr'>nec</span> <span class='ocrx_word' id='word_1_163' title='bbox 678 1562 917 1608; x_wconf 89' lang='lat' dir='ltr'>Dominum</span> <span class='ocrx_word' id='word_1_164' title='bbox 943 1561 1102 1607; x_wconf 89' lang='lat' dir='ltr'>auditis</span> <span class='ocrx_word' id='word_1_165' title='bbox 1129 1561 1362 1614; x_wconf 88' lang='lat' dir='ltr'>dicentem,</span> <span class='ocrx_word' id='word_1_166' title='bbox 1399 1560 1573 1620; x_wconf 80' lang='lat' dir='ltr'>Fugite3</span> <span class='ocrx_word' id='word_1_167' title='bbox 1610 1575 1689 1604; x_wconf 89' lang='lat' dir='ltr'>nec</span> 
     </span>
     <span class='ocr_line' id='line_1_22' title="bbox 303 1630 1689 1696; baseline -0.001 -22"><span class='ocrx_word' id='word_1_168' title='bbox 303 1630 537 1678; x_wconf 77' lang='lat' dir='ltr'>imitamini</span> <span class='ocrx_word' id='word_1_169' title='bbox 562 1633 758 1689; x_wconf 83' lang='lat' dir='ltr'>Raziam,</span> <span class='ocrx_word' id='word_1_170' title='bbox 785 1632 862 1696; x_wconf 90' lang='lat' dir='ltr'>qui</span> <span class='ocrx_word' id='word_1_171' title='bbox 892 1631 1033 1678; x_wconf 88' lang='lat' dir='ltr'>voluit</span> <span class='ocrx_word' id='word_1_172' title='bbox 1050 1669 1061 1688; x_wconf 94' lang='lat'>,</span> <span class='ocrx_word' id='word_1_173' title='bbox 1103 1649 1182 1677; x_wconf 90' lang='lat' dir='ltr'>nec</span> <span class='ocrx_word' id='word_1_174' title='bbox 1203 1631 1348 1695; x_wconf 85' lang='lat' dir='ltr'>potuit</span> <span class='ocrx_word' id='word_1_175' title='bbox 1382 1631 1556 1690; x_wconf 84' lang='lat' dir='ltr'>fugere:</span> <span class='ocrx_word' id='word_1_176' title='bbox 1579 1645 1689 1692; x_wconf 88' lang='lat' dir='ltr'>pro-</span> 
     </span>
     <span class='ocr_line' id='line_1_23' title="bbox 305 1700 1690 1767; baseline -0.001 -21"><span class='ocrx_word' id='word_1_177' title='bbox 305 1701 418 1747; x_wconf 87' lang='lat' dir='ltr'>fecto</span> <span class='ocrx_word' id='word_1_178' title='bbox 453 1704 556 1767; x_wconf 80' lang='lat' dir='ltr'>quia</span> <span class='ocrx_word' id='word_1_179' title='bbox 585 1722 673 1749; x_wconf 88' lang='lat' dir='ltr'>non</span> <span class='ocrx_word' id='word_1_180' title='bbox 698 1704 869 1749; x_wconf 79' lang='lat' dir='ltr'>habetis</span> <span class='ocrx_word' id='word_1_181' title='bbox 892 1703 1017 1748; x_wconf 90' lang='lat' dir='ltr'>illum</span> <span class='ocrx_word' id='word_1_182' title='bbox 1045 1703 1089 1748; x_wconf 89' lang='lat' dir='ltr'>in</span> <span class='ocrx_word' id='word_1_183' title='bbox 1114 1713 1364 1767; x_wconf 71' lang='lat' dir='ltr'>praecepto,</span> <span class='ocrx_word' id='word_1_184' title='bbox 1414 1719 1493 1747; x_wconf 91' lang='lat' dir='ltr'>nec</span> <span class='ocrx_word' id='word_1_185' title='bbox 1518 1700 1690 1746; x_wconf 82' lang='lat' dir='ltr'>habetis</span> 
     </span>
     <span class='ocr_line' id='line_1_24' title="bbox 303 1771 1690 1838; baseline -0.001 -21"><span class='ocrx_word' id='word_1_186' title='bbox 303 1771 433 1818; x_wconf 88' lang='lat' dir='ltr'>istum</span> <span class='ocrx_word' id='word_1_187' title='bbox 448 1774 492 1819; x_wconf 91' lang='lat' dir='ltr'>in</span> <span class='ocrx_word' id='word_1_188' title='bbox 513 1775 722 1838; x_wconf 73' lang='lat' dir='ltr'>exemplo.</span> <span class='ocrx_word' id='word_1_189' title='bbox 748 1774 885 1830; x_wconf 81' lang='lat' dir='ltr'>Quid,</span> <span class='ocrx_word' id='word_1_190' title='bbox 905 1773 1026 1837; x_wconf 91' lang='lat' dir='ltr'>quod</span> <span class='ocrx_word' id='word_1_191' title='bbox 1046 1774 1124 1819; x_wconf 89' lang='lat' dir='ltr'>iste</span> <span class='ocrx_word' id='word_1_192' title='bbox 1148 1774 1301 1819; x_wconf 81' lang='lat' dir='ltr'>Razias</span> <span class='ocrx_word' id='word_1_193' title='bbox 1325 1772 1565 1819; x_wconf 84' lang='lat' dir='ltr'>secundum</span> <span class='ocrx_word' id='word_1_194' title='bbox 1592 1787 1690 1817; x_wconf 82' lang='lat' dir='ltr'>ves-</span> 
     </span>
     <span class='ocr_line' id='line_1_25' title="bbox 303 1841 1691 1907; baseline -0.001 -19"><span class='ocrx_word' id='word_1_195' title='bbox 303 1853 414 1889; x_wconf 84' lang='lat' dir='ltr'>tram</span> <span class='ocrx_word' id='word_1_196' title='bbox 426 1845 635 1890; x_wconf 86' lang='lat' dir='ltr'>rationem</span> <span class='ocrx_word' id='word_1_197' title='bbox 649 1846 737 1890; x_wconf 91' lang='lat' dir='ltr'>sine</span> <span class='ocrx_word' id='word_1_198' title='bbox 751 1845 1026 1890; x_wconf 78' lang='lat' dir='ltr'>dubitatione</span> <span class='ocrx_word' id='word_1_199' title='bbox 1044 1844 1290 1907; x_wconf 82' lang='lat' dir='ltr'>culpandus</span> <span class='ocrx_word' id='word_1_200' title='bbox 1304 1846 1394 1889; x_wconf 66' lang='lat' dir='ltr'>est?</span> <span class='ocrx_word' id='word_1_201' title='bbox 1413 1842 1565 1888; x_wconf 88' lang='lat' dir='ltr'>Dixisti</span> <span class='ocrx_word' id='word_1_202' title='bbox 1576 1841 1691 1887; x_wconf 91' lang='lat' dir='ltr'>enim</span> 
     </span>
     <span class='ocr_line' id='line_1_26' title="bbox 303 1911 1691 1978; baseline -0.002 -19"><span class='ocrx_word' id='word_1_203' title='bbox 303 1925 485 1978; x_wconf 87' lang='lat' dir='ltr'>propter</span> <span class='ocrx_word' id='word_1_204' title='bbox 505 1915 808 1976; x_wconf 85' lang='lat' dir='ltr'>Evangelicam</span> <span class='ocrx_word' id='word_1_205' title='bbox 825 1914 1095 1971; x_wconf 80' lang='lat' dir='ltr'>sententiam,</span> <span class='ocrx_word' id='word_1_206' title='bbox 1122 1915 1198 1960; x_wconf 87' lang='lat' dir='ltr'>ubi</span> <span class='ocrx_word' id='word_1_207' title='bbox 1217 1915 1428 1958; x_wconf 90' lang='lat' dir='ltr'>Dominus</span> <span class='ocrx_word' id='word_1_208' title='bbox 1453 1913 1511 1958; x_wconf 84' lang='lat' dir='ltr'>ait</span> <span class='ocrx_word' id='word_1_209' title='bbox 1531 1929 1541 1957; x_wconf 92' lang='lat'>:</span> <span class='ocrx_word' id='word_1_210' title='bbox 1560 1934 1579 1953; x_wconf 85' lang='lat'>«</span> <span class='ocrx_word' id='word_1_211' title='bbox 1593 1911 1691 1975; x_wconf 74' lang='lat' dir='ltr'>Spi-</span> 
     </span>
     <span class='ocr_line' id='line_1_27' title="bbox 309 1982 1692 2050; baseline -0.001 -21"><span class='ocrx_word' id='word_1_212' title='bbox 309 2005 330 2026; x_wconf 81' lang='lat'>»</span> <span class='ocrx_word' id='word_1_213' title='bbox 356 1985 463 2031; x_wconf 90' lang='lat' dir='ltr'>ritus</span> <span class='ocrx_word' id='word_1_214' title='bbox 480 1986 657 2050; x_wconf 89' lang='lat' dir='ltr'>quidem</span> <span class='ocrx_word' id='word_1_215' title='bbox 674 1997 904 2050; x_wconf 87' lang='lat' dir='ltr'>promptus</span> <span class='ocrx_word' id='word_1_216' title='bbox 918 2022 928 2041; x_wconf 91' lang='lat'>,</span> <span class='ocrx_word' id='word_1_217' title='bbox 947 2002 1048 2031; x_wconf 86' lang='lat' dir='ltr'>caro</span> <span class='ocrx_word' id='word_1_218' title='bbox 1069 1996 1211 2031; x_wconf 82' lang='lat' dir='ltr'>autem</span> <span class='ocrx_word' id='word_1_219' title='bbox 1227 1985 1455 2037; x_wconf 41' lang='lat' dir='ltr'>infirma&amp;</span> <span class='ocrx_word' id='word_1_220' title='bbox 1477 2004 1498 2025; x_wconf 89' lang='lat'>»</span> <span class='ocrx_word' id='word_1_221' title='bbox 1534 1999 1606 2028; x_wconf 88' lang='lat' dir='ltr'>vos</span> <span class='ocrx_word' id='word_1_222' title='bbox 1637 1982 1692 2027; x_wconf 85' lang='lat' dir='ltr'>ad</span> 
     </span>
     <span class='ocr_line' id='line_1_28' title="bbox 305 2053 1693 2120; baseline -0.002 -19"><span class='ocrx_word' id='word_1_223' title='bbox 305 2057 576 2103; x_wconf 89' lang='lat' dir='ltr'>caminorum</span> <span class='ocrx_word' id='word_1_224' title='bbox 592 2057 746 2118; x_wconf 83' lang='lat' dir='ltr'>fugisse</span> <span class='ocrx_word' id='word_1_225' title='bbox 760 2056 1071 2120; x_wconf 84' lang='lat' dir='ltr'>compendium</span> <span class='ocrx_word' id='word_1_226' title='bbox 1086 2057 1187 2119; x_wconf 87' lang='lat' dir='ltr'>quia</span> <span class='ocrx_word' id='word_1_227' title='bbox 1199 2055 1399 2102; x_wconf 87' lang='lat' dir='ltr'>videlicet</span> <span class='ocrx_word' id='word_1_228' title='bbox 1419 2054 1582 2100; x_wconf 88' lang='lat' dir='ltr'>infirmi</span> <span class='ocrx_word' id='word_1_229' title='bbox 1595 2053 1693 2099; x_wconf 86' lang='lat' dir='ltr'>estis</span> 
     </span>
     <span class='ocr_line' id='line_1_29' title="bbox 306 2124 1685 2190; baseline -0.001 -18"><span class='ocrx_word' id='word_1_230' title='bbox 306 2128 500 2189; x_wconf 85' lang='lat' dir='ltr'>proferre</span> <span class='ocrx_word' id='word_1_231' title='bbox 512 2146 665 2175; x_wconf 89' lang='lat' dir='ltr'>manus</span> <span class='ocrx_word' id='word_1_232' title='bbox 677 2129 974 2183; x_wconf 87' lang='lat' dir='ltr'>inimicorum,</span> <span class='ocrx_word' id='word_1_233' title='bbox 993 2128 1027 2173; x_wconf 89' lang='lat' dir='ltr'>si</span> <span class='ocrx_word' id='word_1_234' title='bbox 1044 2128 1098 2173; x_wconf 86' lang='lat' dir='ltr'>ab</span> <span class='ocrx_word' id='word_1_235' title='bbox 1114 2127 1172 2173; x_wconf 90' lang='lat' dir='ltr'>eis</span> <span class='ocrx_word' id='word_1_236' title='bbox 1193 2126 1495 2190; x_wconf 88' lang='lat' dir='ltr'>comprehensi</span> <span class='ocrx_word' id='word_1_237' title='bbox 1506 2124 1685 2171; x_wconf 87' lang='lat' dir='ltr'>fueritis.</span> 
     </span>
     <span class='ocr_line' id='line_1_30' title="bbox 308 2196 1694 2263; baseline -0.005 -17"><span class='ocrx_word' id='word_1_238' title='bbox 308 2201 423 2260; x_wconf 84' lang='lat' dir='ltr'>Ergo</span> <span class='ocrx_word' id='word_1_239' title='bbox 435 2200 550 2246; x_wconf 82' lang='lat' dir='ltr'>illius</span> <span class='ocrx_word' id='word_1_240' title='bbox 566 2200 642 2263; x_wconf 94' lang='lat' dir='ltr'>qui</span> <span class='ocrx_word' id='word_1_241' title='bbox 661 2218 702 2245; x_wconf 88' lang='lat' dir='ltr'>se</span> <span class='ocrx_word' id='word_1_242' title='bbox 719 2199 863 2259; x_wconf 83' lang='lat' dir='ltr'>gladio</span> <span class='ocrx_word' id='word_1_243' title='bbox 876 2199 1061 2259; x_wconf 81' lang='lat' dir='ltr'>graviter</span> <span class='ocrx_word' id='word_1_244' title='bbox 1078 2198 1336 2253; x_wconf 84' lang='lat' dir='ltr'>vulueravit,</span> <span class='ocrx_word' id='word_1_245' title='bbox 1349 2197 1426 2261; x_wconf 90' lang='lat' dir='ltr'>qui</span> <span class='ocrx_word' id='word_1_246' title='bbox 1444 2196 1694 2243; x_wconf 83' lang='lat' dir='ltr'>vulneratus</span> 
     </span>
     <span class='ocr_line' id='line_1_31' title="bbox 310 2264 1689 2334; baseline -0.004 -19"><span class='ocrx_word' id='word_1_247' title='bbox 310 2288 486 2316; x_wconf 89' lang='lat' dir='ltr'>murum</span> <span class='ocrx_word' id='word_1_248' title='bbox 509 2272 651 2334; x_wconf 85' lang='lat' dir='ltr'>petiit,</span> <span class='ocrx_word' id='word_1_249' title='bbox 676 2270 753 2334; x_wconf 88' lang='lat' dir='ltr'>qui</span> <span class='ocrx_word' id='word_1_250' title='bbox 772 2287 813 2315; x_wconf 92' lang='lat' dir='ltr'>se</span> <span class='ocrx_word' id='word_1_251' title='bbox 830 2269 933 2315; x_wconf 89' lang='lat' dir='ltr'>inde</span> <span class='ocrx_word' id='word_1_252' title='bbox 948 2270 994 2315; x_wconf 88' lang='lat' dir='ltr'>in</span> <span class='ocrx_word' id='word_1_253' title='bbox 1014 2269 1225 2315; x_wconf 89' lang='lat' dir='ltr'>cervicem</span> <span class='ocrx_word' id='word_1_254' title='bbox 1255 2268 1528 2331; x_wconf 87' lang='lat' dir='ltr'>praecipitem</span> <span class='ocrx_word' id='word_1_255' title='bbox 1551 2264 1689 2320; x_wconf 89' lang='lat' dir='ltr'>dedit,</span> 
     </span>
     <span class='ocr_line' id='line_1_32' title="bbox 313 2336 1692 2405; baseline -0.005 -17"><span class='ocrx_word' id='word_1_256' title='bbox 313 2343 389 2405; x_wconf 90' lang='lat' dir='ltr'>qui</span> <span class='ocrx_word' id='word_1_257' title='bbox 409 2353 450 2387; x_wconf 92' lang='lat' dir='ltr'>et</span> <span class='ocrx_word' id='word_1_258' title='bbox 470 2353 619 2405; x_wconf 86' lang='lat' dir='ltr'>postea</span> <span class='ocrx_word' id='word_1_259' title='bbox 638 2342 781 2405; x_wconf 86' lang='lat' dir='ltr'>potuit</span> <span class='ocrx_word' id='word_1_260' title='bbox 795 2341 850 2387; x_wconf 88' lang='lat' dir='ltr'>ad</span> <span class='ocrx_word' id='word_1_261' title='bbox 872 2352 1039 2405; x_wconf 84' lang='lat' dir='ltr'>petram</span> <span class='ocrx_word' id='word_1_262' title='bbox 1056 2358 1245 2397; x_wconf 87' lang='lat' dir='ltr'>currere,</span> <span class='ocrx_word' id='word_1_263' title='bbox 1263 2340 1308 2385; x_wconf 90' lang='lat' dir='ltr'>in</span> <span class='ocrx_word' id='word_1_264' title='bbox 1334 2350 1457 2402; x_wconf 84' lang='lat' dir='ltr'>petra</span> <span class='ocrx_word' id='word_1_265' title='bbox 1477 2348 1603 2393; x_wconf 86' lang='lat' dir='ltr'>stare,</span> <span class='ocrx_word' id='word_1_266' title='bbox 1619 2336 1692 2381; x_wconf 83' lang='lat' dir='ltr'>in·-</span> 
     </span>
    </p>
   </div>
   <div class='ocr_carea' id='block_1_3' title="bbox 311 2436 1682 2534">
    <p class='ocr_par' dir='ltr' id='par_1_3' title="bbox 311 2436 1682 2534">
     <span class='ocr_line' id='line_1_33' title="bbox 357 2436 1682 2481; baseline -0.002 -9"><span class='ocrx_word' id='word_1_267' title='bbox 357 2442 366 2463; x_wconf 87' lang='lat'><strong>¹</strong></span> <span class='ocrx_word' id='word_1_268' title='bbox 385 2453 402 2472; x_wconf 85' lang='lat'>2</span> <span class='ocrx_word' id='word_1_269' title='bbox 424 2441 532 2474; x_wconf 85' lang='lat' dir='ltr'>Mach.</span> <span class='ocrx_word' id='word_1_270' title='bbox 553 2452 621 2481; x_wconf 72' lang='lat' dir='ltr'>xiv,</span> <span class='ocrx_word' id='word_1_271' title='bbox 641 2447 697 2477; x_wconf 75' lang='lat'>41.</span> <span class='ocrx_word' id='word_1_272' title='bbox 726 2459 770 2465; x_wconf 90' lang='lat'>—</span> <span class='ocrx_word' id='word_1_273' title='bbox 797 2439 813 2462; x_wconf 84' lang='lat'>²</span> <span class='ocrx_word' id='word_1_274' title='bbox 830 2440 913 2473; x_wconf 83' lang='lat' dir='ltr'>Ibid.</span> <span class='ocrx_word' id='word_1_275' title='bbox 931 2452 964 2480; x_wconf 80' lang='lat'>7.</span> <span class='ocrx_word' id='word_1_276' title='bbox 980 2459 1023 2464; x_wconf 97' lang='lat'><strong>—</strong></span> <span class='ocrx_word' id='word_1_277' title='bbox 1050 2437 1066 2462; x_wconf 80' lang='lat'><strong>3</strong></span> <span class='ocrx_word' id='word_1_278' title='bbox 1081 2439 1200 2472; x_wconf 79' lang='lat' dir='ltr'>Confer</span> <span class='ocrx_word' id='word_1_279' title='bbox 1227 2437 1395 2480; x_wconf 80' lang='lat' dir='ltr'>Augustini</span> <span class='ocrx_word' id='word_1_280' title='bbox 1416 2436 1584 2480; x_wconf 78' lang='lat' dir='ltr'>epistolam</span> <span class='ocrx_word' id='word_1_281' title='bbox 1603 2441 1682 2472; x_wconf 63' lang='lat'>2040</span> 
     </span>
     <span class='ocr_line' id='line_1_34' title="bbox 311 2491 818 2534; baseline -0.006 -6"><span class='ocrx_word' id='word_1_282' title='bbox 311 2505 341 2528; x_wconf 81' lang='lat' dir='ltr'>n.</span> <span class='ocrx_word' id='word_1_283' title='bbox 361 2496 381 2525; x_wconf 83' lang='lat'><strong>6</strong></span> <span class='ocrx_word' id='word_1_284' title='bbox 403 2499 433 2526; x_wconf 84' lang='lat' dir='ltr'>et</span> <span class='ocrx_word' id='word_1_285' title='bbox 453 2506 482 2534; x_wconf 86' lang='lat'>7.</span> <span class='ocrx_word' id='word_1_286' title='bbox 499 2512 544 2518; x_wconf 96' lang='lat'>—</span> <span class='ocrx_word' id='word_1_287' title='bbox 558 2491 571 2518; x_wconf 72' lang='lat'>4</span> <span class='ocrx_word' id='word_1_288' title='bbox 588 2494 706 2529; x_wconf 77' lang='lat' dir='ltr'>Matth.</span> <span class='ocrx_word' id='word_1_289' title='bbox 725 2504 818 2533; x_wconf 56' lang='lat' dir='ltr'>xxvi.</span> 
     </span>
    </p>
   </div>
  </div>
 </body>
</html>
