1763 2838
222 172 282 220 38
641 186 674 216 s.
716 183 959 217 Aucusrlm
993 187 1194 218 Episcopi

224 251 336 317 palis
354 287 364 307 ,
391 249 463 296 sed
497 249 674 295 forensis
697 251 844 313 potius
866 267 952 296 esse
975 253 1250 313 objectionis,
1277 253 1441 300 invenit
1463 269 1594 301 occa-

226 320 389 368 sionem
417 338 517 385 pars
551 321 709 366 Donati
742 338 827 384 qua
860 321 1047 378 diceret,
1081 324 1190 369 nihil
1221 342 1320 384 ergo
1352 343 1496 371 secum
1528 327 1596 386 agi

226 393 410 457 publico
429 398 526 452 jure
547 392 726 448 debere,
748 393 818 437 scd
842 403 1008 438 tantum
1028 394 1184 440 divinis
1201 396 1449 459 Scripturis.
1471 397 1596 443 [nde

227 481 328 510 cum
353 463 572 527 quaesisset
609 463 841 523 Cognitor‚
880 464 986 528 quid
1011 466 1183 528 utrique
1208 467 1322 532 parti
1352 467 1406 512 de
1435 467 1519 512 hac
1551 484 1597 513 re

220 535 410 598 placeret
441 551 451 578 :
485 551 736 596 responsum
762 546 822 579 est
850 553 871 580 a
895 536 1164 591 Catholicis,
1194 548 1241 582 ut
1264 538 1438 597 juberet
1468 555 1597 583 man-

222 605 375 651 datum
400 604 604 649 catholici
625 605 799 651 concilii
820 606 1018 662 recitari,
1042 607 1119 652 ubi
1148 606 1290 652 electis
1312 607 1592 670 disputatori-

221 676 306 722 bus
328 675 481 736 agendi
505 675 660 721 modus
680 677 901 736 injunctus
923 688 984 722 est
1004 697 1014 730 ;
1042 678 1104 723 ibi
1131 696 1252 741 posse
1276 679 1426 724 melius
1451 697 1593 742 appa-

221 763 313 791 rere
328 783 338 801 ‚
365 745 483 809 quod
506 763 593 790 non
608 745 849 792 forensibus
878 748 1307 807 tergiversationibus
1326 785 1336 801 ‚
1369 748 1439 793 sed
1463 748 1596 808 magis

222 815 379 862 divinis
401 816 653 861 testimoniis
672 829 879 876 ageretur.
909 819 963 862 Et
980 818 1237 881 aliquandiu
1257 818 1477 864 conflictio
1496 835 1596 881 pro-

222 887 355 932 ducta
379 897 468 942 θεῖ,
502 903 601 932 cum
629 888 846 933 Catholici
879 889 1084 934 instarent
1109 889 1282 934 recitari
1312 888 1563 934 mandatum
1583 925 1593 944 ‚

219 957 283 1002 illi
303 968 446 1002 autem
465 969 725 1004 recusarent.
752 959 836 1004 Sed
856 970 1002 1022 postea
1027 960 1202 1004 remotis
1227 960 1432 1004 omnibus
1454 977 1599 1005 mora-

223 1028 342 1074 toriis
358 1029 726 1084 contentionibus,
748 1030 920 1074 recitari
946 1030 1201 1074 mandatum
1229 1030 1591 1090 Cognitorjussit.

288 1099 366 1144 XI.
410 1099 590 1144 Decimo
612 1099 708 1144 loco
730 1099 982 1145 mandatum
1010 1100 1217 1145 catholici
1243 1101 1416 1145 concilii
1441 1101 1600 1146 recita-

227 1179 322 1214 tum
347 1179 430 1224 est,
457 1186 545 1233 quo
570 1169 715 1214 electis
754 1169 809 1215 ad
836 1170 1147 1233 disputandum
1173 1171 1387 1233 episcopis
1406 1207 1415 1225 ‚
1442 1171 1602 1216 catho-

228 1238 325 1285 licae
341 1239 544 1286 Ecclesiae
563 1251 623 1286 est
636 1241 832 1300 injuncta
848 1240 1036 1286 defensio
1058 1240 1260 1286 adversus
1283 1241 1603 1286 criminationes

226 1310 565 1357 Donatistarum.
604 1312 700 1356 Hoc
729 1311 933 1356 mandato
963 1311 1117 1356 iterum
1137 1348 1147 1366 ‚
1172 1312 1284 1356 sicut
1301 1311 1343 1355 in
1364 1311 1604 1373 superiori-

225 1381 309 1426 bus
329 1381 480 1426 litteris
499 1419 508 1435 ,
536 1382 724 1428 breviter
748 1393 835 1427 tota
860 1399 989 1427 causa
1009 1382 1323 1444 comprehensa
1355 1392 1417 1426 est
1434 1418 1445 1437 ,
1480 1381 1605 1444 prius

227 1462 274 1497 ut
298 1469 425 1498 causa
452 1453 657 1499 Ecclesiae
686 1470 787 1516 quie
824 1463 917 1498 toto
935 1490 945 1508 ‚
984 1453 1095 1498 sicut
1114 1453 1323 1515 promissa
1343 1462 1433 1507 est,
1464 1462 1603 1497 terra-

226 1539 322 1568 rum
351 1523 457 1568 orbe
481 1523 743 1569 diffunditur
761 1561 771 1579 ‚
807 1543 829 1569 a
857 1541 985 1569 causa
1021 1524 1244 1568 Caeciliani
1273 1523 1607 1585 qualiscumque

224 1593 296 1638 illa
316 1592 487 1649 fuisset,
516 1595 575 1639 sic
596 1595 955 1655 distingueretur,
993 1605 1040 1639 ut
1070 1594 1367 1640 ostenderetur
1400 1593 1533 1638 malos
1558 1593 1605 1638 in

230 1663 441 1713 Ecclesia,
466 1665 542 1727 qui
562 1665 625 1710 vel
645 1666 891 1725 ignoranter
908 1665 974 1710 vel
992 1682 1072 1727 pro
1093 1665 1258 1710 unitate
1278 1664 1398 1727 pacis
1425 1664 1607 1709 toleran-

230 1745 302 1779 tur
325 1751 348 1779 a
370 1734 496 1779 bonis
512 1772 522 1790 ‚
545 1753 631 1780 non
654 1736 711 1780 eis
731 1736 784 1781 ad
810 1736 921 1782 mala
945 1736 1317 1781 consentientibus
1349 1736 1496 1779 obesse
1520 1751 1609 1779 non

229 1821 374 1868 posse,
397 1804 753 1851 similitudinibus
780 1806 1046 1865 Evangelicis
1070 1817 1111 1851 et
1143 1805 1336 1868 exemplo
1357 1804 1607 1867 Propheta-

234 1891 330 1920 rum
349 1912 360 1929 ,
387 1885 428 1919 et.
448 1875 582 1938 ipsius
604 1876 781 1921 Domini
819 1876 983 1922 christi
1001 1887 1042 1921 et
1062 1876 1367 1939 Apostolorum
1388 1911 1398 1929 ,
1424 1884 1466 1919 θῖ
1490 1873 1609 1936 epis-

235 1962 448 2008 coporum
468 1983 480 2002 ,
503 1957 545 1991 θῖ
565 1946 734 2005 judicio
755 1947 947 2009 ipsorum
966 1947 1096 1992 etiam
1119 1946 1443 1991 Donatistarum
1469 1962 1610 2008 prop-

238 2026 303 2060 ter
336 2016 672 2062 Maximianistas
706 2035 716 2062 :
755 2017 909 2062 deinde
940 2017 1073 2080 ipsius
1109 2016 1332 2061 Caeciliani
1359 2031 1488 2061 causa
1523 2031 1612 2059 non

238 2085 351 2130 mala
372 2086 499 2131 fuisse
522 2087 647 2131 certis
667 2087 938 2133 documentis
967 2087 1334 2132 demonstraretur
1353 2123 1363 2139 ‚
1386 2085 1547 2148 quibus
1571 2094 1613 2128 et

238 2157 329 2219 ipse
348 2166 389 2200 et
409 2156 631 2201 ordinator
648 2162 738 2217 ejus
764 2158 872 2203 Felix
901 2158 1229 2220 Aptuginensis,
1252 2172 1380 2218 quein
1398 2156 1443 2200 in
1462 2154 1613 2200 conci-

238 2226 297 2271 lio
316 2242 392 2271 suo
415 2226 685 2273 criminosius
707 2240 1017 2274 accusaverunt
1037 2266 1046 2282 ‚
1071 2228 1331 2291 probaretur
1350 2243 1434 2272 esse
1456 2242 1615 2288 purga-

242 2308 323 2344 tus.
358 2298 412 2341 Et
429 2307 584 2343 caetera
605 2316 704 2361 quse
729 2300 933 2346 mandato
957 2299 1106 2345 codem
1128 2298 1430 2349 continentur,
1454 2297 1539 2341 sive
1561 2295 1614 2341 de

241 2369 460 2431 baptismo
481 2405 490 2421 ‚
512 2369 598 2413 sive
623 2369 675 2414 de
699 2371 995 2433 persecutione
1015 2387 1114 2434 quae
1138 2370 1243 2414 solet
1271 2367 1508 2413 Catholicis
1529 2367 1614 2411 ob-

238 2439 370 2498 jicere
393 2455 493 2501 pars
516 2439 687 2485 Donati.
734 2442 840 2485 Nam
878 2450 1212 2485 commemorata
1238 2439 1298 2483 ibi
1334 2449 1394 2483 est
1425 2438 1582 2483 iterum
1599 2474 1610 2492 ,

244 2509 356 2554 sicut
380 2508 423 2553 in
464 2509 757 2572 superioribus
798 2511 973 2567 litteris,
1001 2528 1130 2557 causa
1167 2509 1581 2557 Maximianistarum
1599 2546 1610 2565 ,
