1763 2838
199 206 373 240 CONTRA
409 204 703 236 GAUDENTIUM
741 202 906 234 DONAT.
948 202 1112 243 EPISC.,
1151 203 1239 234 LIB.
1283 203 1313 233 1.
1391 202 1481 250 217

100 273 193 321 fieri
205 291 290 320 non
308 281 468 336 potest,
487 269 639 316 saltem
657 280 802 315 utnon
817 285 963 315 omnes
975 284 1075 314 cum
1086 267 1265 314 diabolo
1280 277 1480 332 pereant,

99 344 390 391 laborandum
411 353 487 388 est.

166 414 369 462 Xixxlv.
402 413 513 458 Sane
538 411 591 457 de
614 412 854 476 Scripturis
875 410 1033 456 sanctis
1051 427 1124 471 sao-
1127 410 1321 456 acissime
1348 408 1487 473 inqui-

100 504 213 542 rens,
246 486 280 532 si
305 484 415 549 quid
437 482 629 548 proferre
661 500 804 547 posses
829 499 911 546 pio
934 481 1018 526 ista
1048 493 1301 544 spontaneae
1336 480 1488 527 mortis

100 557 309 603 sententia
330 557 498 611 insana,
516 555 725 601 invenisse
744 565 783 599 te
803 552 967 616 aliquid
986 563 1131 615 putas,
1155 552 1257 616 quia
1272 552 1486 616 scriptum

101 627 224 674 estin
248 626 513 686 Evangelio:
545 646 565 667 (ι
584 625 774 688 Spiritus
797 623 978 687 quidem
1003 634 1237 686 promptus
1269 634 1362 677 est,
1385 639 1487 668 caro

102 718 124 739 ³>
150 708 295 743 autem
321 697 495 742 infirma
521 695 539 725 1
563 713 573 740 ε
598 718 618 737 »
647 706 852 758 tanquam
876 693 974 739 ideo
1003 710 1043 738 se
1069 693 1252 756 quisque
1289 692 1488 738 occidere

103 767 275 823 debeat,
296 768 399 831 quia
417 766 616 812 infirmus
633 776 710 812 est.
740 764 808 810 Ad
835 763 1052 827 passiones
1081 763 1194 808 inter
1213 779 1368 808 manus
1391 780 1489 825 per-

103 838 372 903 sequentium
400 837 671 883 sustinendas
704 853 790 882 non
818 835 1001 898 potuisti
1033 834 1160 880 citius
1185 833 1328 879 dicere
1363 833 1490 879 falsos

101 920 312 973 martyres
325 919 486 955 vestros
502 925 548 953 ex
567 907 741 952 illorum
761 924 848 951 esse
865 923 1064 959 numero,
1095 904 1148 950 de
1171 904 1334 968 quibus
1351 904 1487 967 scrip-

104 989 198 1025 tum
224 990 285 1025 est
307 997 317 1024 ε
342 1000 361 1020 α
380 979 457 1024 Vae
492 978 542 1024 iis
570 978 647 1041 qui
684 977 973 1041 perdiderunt
999 975 1297 1021 sustinentiam
1320 975 1337 1002 ‘2
1365 992 1375 1019 :
1406 995 1426 1015 »
1448 985 1490 1019 et

105 1050 165 1096 ad
184 1049 281 1096 illos
303 1065 482 1113 prorsus
494 1065 581 1093 non
596 1048 810 1111 pertinere
828 1047 989 1110 quibus
1009 1046 1223 1092 Dominus
1240 1045 1348 1091 dicit
1365 1063 1375 1090 :
1399 1066 1418 1086 «
1438 1045 1489 1090 In

109 1142 130 1161 »
149 1130 288 1166 vestra
312 1119 522 1183 patientia
545 1119 821 1182 possidebitis
843 1119 1006 1164 animas
1029 1117 1234 1164 vesti·as³.
1257 1139 1278 1158 »
1302 1118 1367 1162 De
1386 1117 1490 1180 qui-

104 1191 189 1236 bus
215 1201 361 1235 autem
384 1190 539 1249 legitur
563 1207 573 1234 :
603 1211 623 1231 α
652 1190 841 1252 Spiritus
862 1199 1095 1252 promptus
1115 1199 1194 1243 est,
1221 1204 1322 1233 caro
1343 1198 1489 1232 autem

106 1281 127 1302 »
147 1259 347 1305 infirma4
372 1280 417 1313 3»
438 1276 604 1305 sommo
621 1277 707 1304 non
724 1260 971 1306 voluntario
984 1259 1314 1322 premebantur,
1332 1257 1492 1302 nonin·

105 1332 237 1379 teritu
261 1330 507 1378 voluntario
535 1331 819 1378 necabantur.
852 1331 1091 1390 Diligenter
1114 1330 1223 1390 lege,
1245 1328 1410 1392 etquid
1433 1328 1492 1373 lo-

105 1402 252 1466 quaris
271 1400 456 1448 attende.
481 1401 569 1446 Ubi
588 1412 647 1446 est
666 1402 786 1465 quod
803 1401 1038 1465 Apostolus
1053 1401 1138 1447 ait:
1165 1422 1182 1442 c«
1202 1400 1359 1445 Fidelis
1376 1401 1491 1444 Deus

108 1493 130 1514 »
153 1473 230 1536 qui
253 1489 341 1518 non
372 1472 594 1534 permittet
632 1488 707 1517 vos
740 1472 897 1518 tentari
922 1489 1052 1535 super
1073 1472 1119 1517 id
1147 1471 1266 1535 quod
1293 1469 1489 1533 potestis,

108 1564 129 1585 »
155 1542 228 1588 secl
244 1541 375 1588 faciet
392 1559 493 1588 cum
519 1542 755 1588 tentatione
777 1543 907 1588 etiam
928 1544 1106 1597 exitum,
1131 1553 1179 1587 ut
1202 1541 1371 1605 possitis
1395 1557 1491 1585 sus—

110 1634 130 1655 »
154 1614 289 1658 tinere
313 1613 330 1641 5
351 1616 368 1659 Ῥ
394 1634 414 1653 >›
442 1614 591 1658 lta—ne
625 1612 890 1659 credendum
913 1630 1001 1658 non
1030 1625 1091 1659 est
1112 1613 1217 1658 huie
1242 1611 1491 1675 apostolieae

109 1684 297 1739 veritati,
321 1695 362 1729 et
379 1683 578 1729 inimicos
610 1683 820 1730 debemus
840 1701 917 1730 nos
940 1685 1055 1747 ipsos
1080 1685 1259 1740 habere,
1288 1683 1392 1747 quia
1410 1681 1490 1727 ini-

110 1755 247 1800 micos
267 1772 354 1800 non
381 1770 609 1817 possumus
632 1754 736 1799 alios
761 1755 997 1800 sustinere?
1035 1755 1162 1801 Absit
1180 1754 1267 1799 hoc
1292 1771 1315 1798 a
1342 1751 1492 1798 cordi-

110 1827 194 1872 bus
232 1825 503 1871 Christianis.
542 1825 677 1871 Plane
709 1825 827 1871 fideli
855 1826 1092 1889 Apostolo,
1131 1826 1220 1871 imo
1255 1824 1338 1888 ipsi
1374 1822 1493 1869 fideli

114 1898 222 1952 Deo,
243 1898 320 1960 qui
341 1914 431 1943 non
450 1896 552 1942 sinit
571 1914 668 1943 suos
686 1898 845 1943 tentari
864 1914 995 1960 supra
1015 1914 1148 1961 quam
1170 1896 1278 1942 ferre
1293 1906 1490 1959 possunt,

112 1967 186 2014 sed
222 1966 328 2014 facit
354 1985 455 2014 eum
489 1969 722 2014 tentatione
740 1969 868 2013 etiam
889 1969 1076 2024 exitum,
1105 1979 1154 2014 ut
1171 1968 1337 2031 possint
1360 1969 1493 2012 susti-

112 2055 230 2094 nere,
266 2038 447 2084 credant
479 2038 717 2093 Catholici,
761 2056 848 2084 non
869 2039 1050 2084 credant
1090 2040 1352 2092 Donatistae3
1383 2047 1496 2082 etne

115 2126 284 2172 semper
308 2110 387 2155 ista
407 2127 493 2155 non
520 2109 718 2164 credant,
759 2126 847 2155 non
882 2111 967 2154 sint
1005 2110 1261 2155 Donatistae.
1306 2107 1495 2165 Quando

115 2179 228 2226 enim
253 2179 507 2244 desperatur
532 2180 577 2225 in
590 2180 840 2244 quibusque
864 2180 1137 2243 passionibus
1162 2198 1184 2226 a
1209 2180 1397 2226 Domino
1417 2179 1497 2224 im-

115 2250 328 2314 petranda
355 2251 567 2313 sapientia
598 2251 634 2308 ⁶,
660 2261 702 2296 et
721 2250 819 2296 ideo
842 2252 1058 2315 quaeritur
1081 2250 1394 2314 compendium
1418 2266 1497 2295 ea—

116 2321 354 2378 minorum,
378 2321 456 2367 ubi
477 2339 518 2367 se
534 2322 604 2368 isti
627 2338 716 2367 non
738 2321 915 2385 quidem
937 2322 1054 2379 feris,
1082 2334 1132 2368 ut
1151 2324 1209 2368 ait
1223 2320 1496 2367 beatissimus

167 2439 178 2461 ¹
196 2439 312 2475 Manli.
342 2452 430 2479 xxvi,
461 2448 515 2478 ω.
541 2459 583 2465 -
611 2440 626 2463 2
644 2441 740 2473 Eceli.
770 2452 811 2479 11,
841 2443 895 2475 16.
923 2459 967 2464 —
993 2439 1006 2464 ³
1026 2445 1101 2475 Luc.
1120 2453 1188 2480 xm,
1212 2452 1263 2482 ¹9.
1282 2458 1326 2465 —-
1342 2437 1356 2462 ⁴
1377 2437 1494 2472 Matth-

119 2504 221 2538 xxvi,
240 2500 294 2531 41.
308 2511 352 2518 —
368 2492 383 2517 ⁵
403 2506 415 2526 ι
437 2496 511 2528 Cor.
526 2505 558 2534 x,
579 2497 634 2530 13.
652 2510 697 2518 --
712 2492 836 2528 5Forte
853 2494 1022 2539 patientia.
