1763 2838
296 153 387 208 284
715 168 749 198 s,
795 167 1036 197 AUGUSTINI
1072 168 1274 197 EPISCOPI

356 232 453 277 XX.
477 252 497 271 «
510 231 595 276 Lex
610 241 751 276 autem
767 230 1046 283 subintravit,
1063 241 1110 274 ut
1124 230 1365 276 abundaret
1379 230 1585 278 delictum
1602 233 1636 280 1.
1649 255 1668 275 »

292 302 389 348 Hoc
406 302 459 348 ad
475 302 680 362 originale
700 302 898 346 homines
923 300 1184 346 addiderunt
1204 305 1294 360 jam
1316 303 1493 366 propria
1510 303 1670 348 volun-

291 384 395 429 tate,
416 391 503 418 non
530 390 608 435 per
629 372 765 418 Adam
789 390 798 416 ε
826 371 897 416 sed
918 372 1003 416 hoe
1028 388 1202 434 quoque
1215 372 1394 417 solvitur
1409 384 1671 436 sanaturque

292 461 370 507 per
390 443 615 488 Christum
636 463 646 495 ;
677 443 779 505 quia
804 463 823 482 α
846 442 932 486 Ubi
955 442 1194 486 abundavit
1217 453 1464 505 peceatum,
1487 461 1672 506 supera-

296 513 697 572 »bundavitgratia
725 531 734 557 :
765 511 1193 576 utquemadmodum
1222 514 1413 571 regnavit
1438 524 1672 576 peccatum

295 605 314 626 >³
331 584 376 629 in
400 595 583 629 mortem
600 584 637 638 2,
661 605 679 625 ›>
704 584 829 629 etiam
855 582 974 646 quod
994 599 1079 627 non
1100 600 1144 627 ex
1172 582 1308 627 Adam
1342 593 1562 628 traxerunt
1592 584 1673 629 ho-

294 654 454 709 mines,
487 654 559 699 sed
602 671 676 700 sua
715 655 937 700 voluntate
976 653 1268 706 addiderunt3
1308 675 1327 694 α
1352 653 1423 698 Sic
1464 664 1505 698 et
1538 655 1673 712 gratia

295 735 479 784 »regnet
517 743 595 788 per
629 726 839 784 justitiam
874 725 918 769 in
953 724 1084 769 vitam
1111 735 1330 770 aeternam.
1356 745 1375 764 2>
1404 725 1499 768 *Non
1529 734 1674 769 tamen

295 795 440 858 aliqua
472 796 641 855 justitia
674 807 833 857 praeter
866 795 1119 847 Christum,
1162 794 1273 839 sieut
1311 794 1454 857 aliqua
1494 805 1675 857 peccata

293 876 453 930 praeter
478 866 631 912 Adam.
666 866 768 911 ldeo
788 883 887 911 cuin
905 865 1075 911 dixisset
1095 904 1104 921 ‚
1128 887 1147 903 <r
1173 865 1557 921 Quemadmodum
1582 883 1672 925 reg-

292 957 311 976 »
329 936 448 980 navit
484 946 713 998 peceatum
742 937 786 980 in
828 947 1011 980 mortem
1043 974 1053 989 ‚
1076 958 1094 976 »
1132 936 1206 980 hie
1245 953 1331 980 non
1369 935 1555 989 addidit3
1595 953 1675 998 per

294 1022 449 1060 unum,
479 1016 553 1050 aut
574 1023 649 1069 per
670 1006 808 1051 Adam
833 1023 842 1050 ε
877 1006 976 1068 quia
997 1023 1127 1068 supra
1147 1005 1311 1050 dixerat
1336 1006 1465 1050 etiam
1490 1005 1543 1050 de
1564 1023 1674 1068 pec<-

297 1088 395 1122 cato
415 1076 505 1129 illo,
533 1077 651 1139 quod
672 1078 943 1122 subintrante
965 1077 1055 1137 lege
1077 1076 1340 1125 abundavit:
1362 1087 1402 1121 et
1420 1076 1506 1121 boe
1526 1076 1675 1139 utique

297 1164 384 1191 non
409 1157 469 1191 est
489 1147 686 1205 originis,
709 1147 780 1192 sed
799 1151 889 1206 jam
910 1147 1103 1210 propriae
1120 1146 1369 1192 voluntatis.
1396 1148 1509 1191 Cum
1531 1157 1675 1191 autem

299 1215 496 1271 dixisset,
528 1238 547 1257 «
569 1217 640 1262 sic
664 1228 703 1262 et
726 1218 860 1276 gratia
887 1228 1033 1276 regnet
1056 1234 1134 1280 per
1152 1217 1364 1276 justitiam
1392 1217 1435 1261 in
1459 1216 1592 1262 vitam
1614 1233 1676 1261 ae—

301 1309 321 1329 ›)
342 1298 534 1341 ternam3
560 1287 753 1344 addidit,
788 1306 865 1351 per
882 1290 1028 1333 Jesum
1053 1288 1274 1332 Christum
1305 1287 1541 1331 Dominum
1572 1303 1675 1331 nos—

300 1379 320 1399 »
341 1368 455 1402 trum
479 1376 489 1402 1
520 1380 538 1398 n
576 1359 676 1420 quia
703 1369 928 1417 generante
961 1376 1088 1403 carne
1117 1358 1225 1403 illud
1254 1356 1556 1402 tantummodo
1586 1368 1678 1401 tra—

302 1428 442 1479 hitur,
471 1429 590 1491 quod
614 1440 675 1474 est
704 1429 909 1488 originale
938 1441 1196 1491 peccatum3
1234 1438 1507 1487 regenerante
1532 1438 1676 1473 autem

303 1499 476 1562 spiritu,
501 1517 589 1544 non
610 1500 748 1545 solum
767 1500 1003 1559 originalis,
1029 1500 1101 1545 sed
1120 1500 1248 1545 etiam
1264 1498 1610 1544 voluntariorum
1626 1499 1679 1544 sit

301 1570 494 1615 remissio
518 1581 800 1633 peecatorum
823 1571 905 1632 (5‘).

368 1642 489 1686 XXI.
520 1646 660 1687 Potest
678 1642 861 1704 proinde
879 1652 992 1687 reete
1016 1641 1120 1695 diei,
1140 1639 1341 1704 parvulos
1359 1640 1448 1684 sine
1462 1639 1680 1702 baptismo

306 1710 359 1755 de
381 1728 562 1773 corpore
583 1723 778 1757 exeuntes
796 1712 840 1756 in
865 1712 1141 1757 damnatione
1160 1711 1354 1756 omnium
1371 1710 1593 1755 mitissima
1608 1709 1680 1755 fu-

306 1792 439 1827 turos.
473 1781 661 1826 Multum
682 1793 823 1827 autem
847 1782 958 1827 fallit
979 1793 1020 1827 et
1040 1782 1221 1837 fallitur,
1247 1782 1323 1844 qui
1348 1798 1417 1825 eos
1441 1781 1484 1825 in
1501 1780 1681 1825 damna-

306 1852 422 1896 tione
446 1851 658 1914 praedicat
690 1870 776 1897 non
799 1851 969 1897 futuros
990 1890 1000 1907 ,
1030 1852 1198 1897 dicente
1237 1851 1473 1913 Apostolo‚
1503 1872 1523 1891 «
1549 1851 1681 1895 Judi-

309 1943 329 1963 ›>
346 1922 462 1966 cium
496 1939 541 1966 ex
577 1938 663 1967 uno
702 1922 860 1967 delicto
899 1923 942 1967 in
980 1922 1399 1968 condemnationem.
1429 1945 1448 1963 »
1469 1922 1525 1966 Et
1543 1921 1680 1967 Paulo

308 2002 407 2055 post
429 2030 439 2045 ‚
464 2014 483 2033 «
520 1995 601 2036 Per
627 1993 754 2037 unius
780 1992 986 2037 delictum
1018 1993 1062 2037 in
1101 2009 1247 2037 omnes
1276 1992 1472 2037 homines
1497 1991 1552 2036 ad
1573 2008 1682 2037 con-

309 2084 329 2104 »
348 2062 667 2107 demnationem
688 2062 720 2108 3.
757 2084 777 2103 »
814 2062 1002 2119 Quando
1036 2080 1135 2122 ergo
1175 2063 1377 2125 peccavit
1415 2062 1555 2107 Adam
1597 2079 1682 2107 non

311 2133 516 2178 obediens
538 2133 643 2188 Deo,
676 2143 779 2178 tune
801 2137 890 2192 ejus
918 2150 1102 2195 corpus,
1132 2133 1330 2196 quamvis
1364 2143 1469 2177 esset
1502 2132 1683 2178 animale

315 2221 365 2249 ae
389 2204 593 2257 mortale,
633 2205 813 2263 gratiam
840 2204 1058 2267 perdidit,
1095 2221 1180 2267 qua
1205 2208 1294 2262 ejus
1319 2203 1474 2248 animae
1499 2203 1615 2247 omni
1638 2220 1683 2248 ex

312 2284 434 2336 parte
453 2273 698 2320 obediebat.
733 2275 858 2319 Tunc
882 2274 952 2318 ille
979 2274 1114 2318 extitit
1138 2273 1327 2317 bestialis
1352 2283 1492 2317 motus
1508 2272 1684 2335 puden-

312 2342 394 2388 dus
427 2342 682 2390 hominibus
702 2381 712 2400 ‚
757 2361 885 2406 quem
920 2344 965 2389 in
998 2361 1072 2388 sua
1110 2344 1286 2388 erubuit
1317 2343 1525 2389 nuditate.
1557 2344 1683 2388 Tune

359 2438 369 2459 ¹
389 2440 481 2469 Rom.
498 2450 528 2477 v,
548 2451 600 2473 20.
616 2458 661 2463 —
674 2439 689 2462 ²
707 2440 790 2473 ibid.
806 2452 860 2477 21.
877 2457 922 2464 —
935 2437 949 2462 3
965 2439 1048 2472 Vide
1064 2439 1230 2472 Euchirid.
1250 2450 1322 2483 cap.
1342 2441 1399 2480 93.
1427 2444 1458 2471 et
1471 2438 1527 2472 lib.
1545 2440 1575 2472 5.
1595 2444 1681 2471 cont.

311 2491 434 2525 Julian.
450 2502 480 2526 c.
503 2503 516 2522 1
528 2503 556 2526 ι.
