1763 2838
233 181 289 215 niz
324 181 502 215 NATURA
536 178 590 214 Er
625 178 808 223 GRATlA,
849 161 1027 215 CONTRA
1061 178 1304 216 mmmm,
1388 166 1483 233 517

103 250 319 298 vocabula
343 250 626 311 ostendens):
653 251 713 295 ita
741 267 820 296 nec
847 251 1278 297 commemorandum
1322 251 1427 307 fuit,
1450 251 1487 297 si

106 323 233 379 Abel,
263 321 459 385 quamvis
479 322 787 380 meritojustus
803 322 1047 384 appellatus
1065 333 1142 378 est,
1164 322 1295 385 paulo
1319 322 1483 367 immo-

105 393 293 439 deratius
316 392 550 455 aliquando
579 393 669 437 risit
685 429 695 447 ,
719 393 785 437 vel
812 393 944 438 animi
968 393 1214 438 remissione
1229 397 1400 452 jocatus
1418 404 1481 439 est

103 463 171 509 vel
191 463 301 509 vidit
324 462 490 526 aliquid
510 462 563 507 ad
589 462 988 524 concupiscendum
1006 499 1017 519 ‚
1046 462 1114 508 vel
1151 463 1376 525 aliquanto
1395 463 1484 508 im-

102 532 369 578 moderatius
391 549 522 595 poma
550 532 790 594 decerpsit,
830 532 897 577 vel
935 532 1137 595 plusculo
1161 533 1262 578 cibo
1304 533 1485 579 crudior

99 601 202 657 fuit,
226 602 293 648 vel
315 619 417 648 eum
442 614 584 647 oraret
605 602 811 662 cogitavit
834 601 1018 664 aliquid,
1060 603 1175 649 unde
1188 607 1278 662 ejus
1293 605 1339 648 in
1364 602 1486 649 aliud

104 683 359 718 avocaretur
379 673 582 728 intentio,
614 684 656 717 et
683 673 853 735 quoties
879 671 943 716 illi
973 673 1053 717 ista
1079 689 1129 718 ac
1159 672 1314 718 similia
1346 672 1486 717 multa

102 742 412 805 subrepserint.
449 744 515 788 An
530 742 640 787 forte
665 753 844 805 peccata
869 758 958 786 non
997 752 1127 798 sunt,
1154 742 1207 787 de
1227 742 1388 805 quibus
1413 758 1484 800 ge-

101 813 304 858 neraliter
321 813 524 859 cavendis
537 824 663 876 atque
677 812 938 858 cohibendis
953 813 1240 859 admonemur
1257 831 1311 876 pl
1313 823 1484 875 aecepto

102 883 382 946 Apostolic0‚
414 884 492 928 ubi
524 883 666 929 dicit:
704 904 723 924 <‹
743 885 841 929 Non
865 901 963 943 ergo
990 894 1137 943 iegnet
1170 893 1402 946 peccatum
1435 882 1482 927 in

101 972 122 993 »
138 963 277 997 vestro
296 953 468 998 mortali
486 971 697 1016 colpoie
687 953 741 998 ad
755 953 1047 999 obediendum
1062 952 1283 998 desideriis
1297 951 1436 1012 ejus1.
1427 954 1445 987 3
1461 971 1483 992 n

101 1022 180 1067 His
205 1023 370 1086 quippe
390 1041 443 1069 ne
464 1024 718 1069 obediamus
756 1025 810 1068 ad
834 1040 881 1068 ea
908 1041 1008 1087 quae
1026 1040 1114 1069 non
1135 1023 1284 1076 licent,
1311 1021 1381 1067 vel
1402 1020 1482 1066 mi-

101 1109 182 1137 nus
203 1093 358 1139 decent
378 1094 634 1157 quotidiana
660 1105 701 1140 et
722 1105 931 1157 perpetua
965 1094 1289 1139 conflictatione
1308 1102 1484 1137 certan-

102 1161 207 1206 dum
232 1174 307 1209 est.
336 1165 446 1209 Nam
473 1164 623 1227 utique
649 1182 695 1209 ex
708 1165 794 1210 hoc
809 1165 913 1209 vitio
932 1164 1135 1219 mittitur,
1162 1164 1229 1209 vel
1243 1162 1481 1208 dimittitur

101 1232 253 1277 oculus
269 1270 279 1286 ,
301 1251 389 1296 quo
412 1251 499 1279 non
529 1245 701 1297 oportet
723 1253 733 1279 z
763 1234 882 1297 quod
902 1234 1057 1280 vitium
1082 1234 1115 1279 si
1151 1232 1422 1279 convaluerit
1439 1241 1480 1276 et

100 1303 403 1365 praevaluerit,
443 1305 572 1349 etiam
596 1305 859 1349 adulterium
884 1315 1162 1367 perpetratur
1200 1304 1245 1348 111
1267 1318 1476 1365 corpore,

102 1372 222 1434 quod
245 1374 290 1417 in
325 1375 456 1419 corde
479 1385 596 1419 tanto
620 1376 668 1419 fit
689 1375 837 1428 citius,
868 1386 1034 1437 quanto
1058 1385 1119 1419 est
1139 1374 1344 1432 cogitatio
1364 1371 1480 1416 cele-

101 1442 205 1497 rior,
228 1444 450 1489 etnullum
466 1444 830 1506 impedimentum
849 1461 1085 1490 morarum.
1116 1445 1212 1488 IIoc
1226 1452 1476 1505 peccatum,

101 1512 146 1556 id
172 1524 251 1565 est,
296 1514 417 1559 hunc
434 1514 599 1559 vitiosae
625 1515 860 1560 affectionis
882 1515 1127 1577 appetitum
1154 1513 1229 1575 qui
1252 1529 1408 1570 magna
1431 1527 1480 1555 ex

102 1594 224 1644 parte
258 1583 508 1638 frenarunt,
544 1595 590 1629 ut
616 1602 703 1630 non
736 1584 963 1629 obedirent
989 1583 1210 1629 desideriis
1236 1586 1327 1641 ejus
1348 1619 1358 1637 ,
1398 1597 1479 1625 nec

101 1653 354 1700 exhiberent
372 1655 410 1701 ei
442 1656 640 1700 membra
665 1672 742 1700 sua
764 1673 880 1700 arma
905 1654 1148 1718 iniquitatis
1164 1690 1175 1708 ,
1212 1653 1342 1697 etiam
1375 1649 1484 1710 justi

103 1724 313 1785 appellari
344 1737 620 1779 meruerunt3
648 1737 690 1770 et
713 1726 799 1770 hoc
816 1762 828 1779 ‚
861 1725 1078 1784 adjutorio
1104 1723 1253 1782 gratiae
1273 1721 1365 1766 Dei.
1392 1720 1481 1764 Ve-

102 1809 201 1837 rum
221 1795 323 1858 quia
346 1812 460 1858 saepe
477 1796 521 1840 in
541 1795 764 1840 levissimis
783 1805 824 1840 et
845 1794 1080 1856 aliquando
1098 1790 1284 1837 incautis
1308 1789 1485 1851 obrepit

103 1876 362 1926 peccatum3
390 1866 552 1924 etjusti
571 1864 765 1920 fuerunt,
792 1875 833 1909 ct
859 1865 947 1909 sine
970 1873 1153 1926 peccato
1179 1878 1268 1907 non
1282 1860 1476 1905 fuerunt.

104 1934 327 1980 Postremo
352 1936 385 1982 si
407 1937 452 1980 111
475 1936 712 1994 Abeljusto
733 1934 926 1979 charitas
946 1934 1043 1989 Dei,
1062 1949 1149 1995 qua
1174 1948 1261 1976 una
1284 1932 1484 1988 verejus-

104 2014 172 2048 tus
196 2015 257 2049 est
281 2005 548 2067 quicumque
570 2008 713 2063 justus
732 2015 792 2049 est
813 2040 823 2059 ‚
853 2003 1001 2048 adhuc
1026 2013 1116 2048 erat
1151 2017 1238 2064 quo
1275 2008 1418 2062 posset
1443 2008 1487 2042 et

105 2076 281 2122 deberet
309 2076 452 2136 augeri
471 2113 481 2131 ,
519 2075 739 2138 quidquid
765 2075 908 2121 minus
943 2083 1059 2128 erat,
1090 2089 1136 2118 ex
1162 2071 1269 2118 vitio
1293 2079 1396 2115 erat.
1429 2068 1486 2112 Et

105 2149 176 2193 cui
196 2166 282 2193 non
301 2150 443 2193 minus
462 2147 516 2193 sit
539 2148 677 2192 donec
695 2146 747 2191 ad
765 2146 883 2191 illam
903 2149 994 2205 ejus
1016 2142 1317 2189 fortitudinem
1335 2138 1487 2187 venia-

105 2228 194 2271 tur,
223 2218 301 2263 ubi
326 2228 415 2263 tota
439 2216 630 2262 hominis
656 2215 941 2260 absorbeatur
962 2213 1221 2259 infirmitas?

172 2289 328 2335 XLVI.
361 2289 517 2347 Magna
544 2288 673 2349 plane
701 2286 910 2331 sententia
939 2283 1155 2330 conclusit
1184 2282 1305 2327 hunc
1338 2279 1487 2326 locum

107 2376 208 2405 cum
241 2360 328 2404 ait:
357 2379 375 2398 «
397 2358 635 2404 Credamus
656 2357 786 2416 igitur
813 2354 932 2419 quod
965 2354 1170 2414 legimus,
1197 2362 1239 2397 et
1257 2350 1376 2414 quod
1400 2367 1489 2395 non

107 2429 304 2489 legi1nUS‚
325 2428 442 2474 nefas
468 2427 697 2474 credamus
717 2437 923 2483 astruere,
949 2423 1072 2489 quod
1095 2423 1150 2470 de
1170 2422 1341 2469 cunctis
1358 2420 1490 2467 etiam

157 2510 166 2533 ¹
193 2513 288 2544 Rom,
309 2521 354 2549 vr,
375 2522 428 2544 12.
