1763 2838
241 165 334 211 518
659 178 693 208 s.
736 177 980 210 Auensrmr
1012 177 1213 214 EPISCOPI

239 246 390 291 dixisse
407 242 604 290 sufficiat.
622 264 642 285 1)
678 244 841 289 Contra
860 261 936 303 ego
956 244 1072 300 dico,
1100 263 1179 292 nec
1212 265 1338 294 omne
1360 247 1477 312 quod
1496 248 1605 308 legi-

237 331 333 360 mus
366 313 538 359 credere
575 331 652 359 nos
676 313 853 365 dehere,
880 327 1061 377 ‘propter
1099 314 1208 362 illud
1233 319 1350 381 quod
1376 319 1606 382 Apostolus

235 385 318 429 ait:
338 404 358 425 «
378 383 539 429 Omnia
563 383 704 442 legite,
728 400 825 446 quae
846 385 958 428 bona
978 395 1078 429 sunt
1103 388 1267 431 tenete1
1290 406 1301 432 ε
1331 400 1605 434 »etastruere

234 452 399 517 aliquid
421 453 547 498 etiam
574 452 693 515 quod
720 470 806 498 non
838 453 1034 512 legimus,
1059 455 1176 500 nefas
1204 474 1291 502 non
1325 474 1425 504 esse.
1450 462 1604 503 Possu-

230 541 326 570 mus
349 523 462 569 enim
485 522 651 585 aliquid
673 523 790 569 bona
820 524 905 569 fide
940 535 1060 570 testes
1086 536 1273 572 astruere
1299 527 1419 590 quod
1444 527 1605 590 experti

230 611 392 650 sumus,
419 593 548 638 ctiam
575 594 608 639 si
633 593 742 639 forte
770 612 857 641 non
878 595 1070 655 legimus.
1102 597 1186 642 Hic
1220 598 1396 643 fortasse
1417 615 1601 660 respon-

229 665 330 710 det:
352 684 371 705 «
399 665 488 723 Ego
506 680 607 709 cum
626 664 714 710 hoc
732 664 943 722 dicerem,
966 666 1019 711 de
1056 667 1297 730 Scripturis
1321 668 1477 713 sanetis
1502 685 1604 727 age-

226 734 345 781 bam,
366 755 387 776 ³>
413 733 452 778 O
476 733 665 790 utinam,
703 752 791 781 non
822 736 920 780 dico
944 736 1063 782 aliud
1087 754 1219 800 quam
1257 738 1301 782 in
1336 737 1418 782 illis
1452 737 1604 783 litteris

225 803 345 863 legit,
369 820 517 850 verum
542 815 691 850 contra
721 804 765 850 id
789 806 908 868 quod
935 805 1060 866 legit,
1086 808 1198 852 nihil
1225 807 1354 853 vellet
1381 818 1601 861 astruere3

224 873 410 919 fideliter
426 883 467 918 et
486 873 735 919 obedienter
761 875 928 921 audiret
951 877 1076 939 quod
1104 895 1184 923 Scrl
1191 889 1321 941 ptum
1357 888 1450 927 est
1480 898 1498 918 «
1519 878 1603 923 Per

226 964 248 986 »
266 961 402 990 unum
420 943 644 990 hominem
663 957 891 1008 peecatum
906 947 1087 993 intravit
1105 948 1149 992 in
1170 948 1340 993 mundu
1351 966 1424 999 m
1448 957 1491 992 et
1523 965 1603 1010 per

228 1035 250 1055 »
273 1024 503 1077 peccatum
523 1031 654 1069 mors,
669 1025 710 1060 et
728 1015 787 1060 ita
807 1017 851 1061 in
870 1034 1022 1063 omnes
1049 1018 1248 1063 homines
1267 1000 1531 1080 pertransiit,
1557 1017 1602 1061 in

229 1105 250 1125 ›>
273 1100 361 1147 quo
394 1101 543 1129 omnes
581 1088 910 1148 peccaverunt?
931 1106 942 1132 ς
972 1109 992 1129 »
1034 1100 1076 1134 et
1117 1105 1204 1133 non
1231 1088 1472 1132 infirmalet
1495 1087 1602 1132 tanti

228 1153 386 1198 medici
410 1154 593 1213 gratiam
610 1191 620 1209 ,
645 1154 750 1199 dum
770 1156 892 1202 fateri
914 1175 1000 1202 non
1027 1159 1121 1203 vult
1140 1169 1341 1203 naturam
1359 1158 1599 1201 humanam

228 1241 314 1269 esse
330 1223 538 1271 vitiatam.
564 1225 603 1270 Ο
634 1226 798 1271 utinam
822 1227 931 1273 sieut
956 1229 1234 1274 Christianus
1248 1228 1421 1287 legeret,
1443 1237 1602 1290 praeter

229 1293 376 1338 Jesum
396 1293 619 1339 Christum
657 1295 827 1340 nullum
852 1314 938 1342 esse
966 1315 1125 1343 nomen
1159 1298 1239 1342 sub
1262 1296 1374 1341 coelo
1390 1296 1427 1352 4,
1448 1298 1491 1341 in
1512 1313 1599 1358 quo

228 1373 400 1426 oportet
422 1363 560 1409 salvos
592 1365 684 1409 fieri
722 1382 834 1411 nos:
865 1378 907 1411 et
945 1385 1033 1412 non
1068 1367 1401 1430 possibilitatem
1434 1377 1601 1411 naturae

227 1432 434 1478 humanae
452 1433 511 1479 ita
531 1433 803 1491 defenderet,
831 1447 879 1481 ut
900 1437 1032 1482 homo
1058 1455 1135 1500 per
1161 1437 1345 1482 liberum
1371 1436 1598 1481 arbitrium

230 1503 359 1548 etiam
388 1503 477 1549 sine
494 1504 574 1549 isto
594 1506 769 1550 nomine
791 1507 932 1552 salvus
959 1525 1044 1553 esse
1067 1525 1190 1570 posse
1214 1506 1432 1552 credatur.

343 1573 476 1620 LVII.
493 1575 573 1620 Sed
593 1586 716 1638 putat
738 1576 913 1622 fortasse
928 1578 1023 1623 ideo
1036 1577 1320 1623 necessarium
1337 1592 1422 1620 esse
1436 1572 1599 1619 Christi

224 1659 399 1699 nomen,
414 1656 462 1690 ut
476 1663 553 1708 per
568 1650 658 1706 ejus
676 1648 956 1708 Evangelium
981 1648 1199 1693 diseamus
1223 1643 1597 1709 quemadmodum

230 1712 372 1759 vivere
393 1713 627 1761 debeamus
645 1753 657 1773 ,
693 1735 782 1763 non
811 1719 938 1763 etiam
967 1729 1014 1763 ut
1038 1723 1128 1778 ejus
1152 1717 1407 1776 adjuvemur
1430 1714 1565 1773 gratia
1583 1749 1594 1768 ‚

227 1799 316 1846 quo
339 1783 448 1830 bene
468 1785 677 1834 vivamus.
710 1787 786 1833 Vel
817 1789 923 1833 hine
946 1789 1093 1834 saltem
1120 1789 1379 1834 confiteatur
1403 1802 1489 1830 esse
1510 1783 1597 1829 mi-

227 1853 426 1901 serabiles
446 1856 644 1902 tenebras
661 1857 706 1902 in
731 1857 872 1903 animo
894 1859 1106 1913 humano,
1125 1858 1200 1921 qui
1215 1857 1295 1902 scit
1315 1854 1596 1918 quemadmo-

225 1922 331 1969 dum
357 1923 514 1971 debeat
543 1925 711 1972 leonem
738 1927 914 1973 domare
937 1965 947 1981 ‚
983 1939 1024 1973 et
1058 1928 1195 1973 nescit
1226 1923 1596 1988 quemadmodum

221 1992 377 2040 vivere.
409 1995 476 2040 An
499 2005 540 2040 et
569 1995 656 2042 hoc
689 2007 737 2042 ut
761 1998 866 2043 sciat
891 1997 1049 2043 suffieit
1083 1997 1120 2042 ei
1144 1996 1332 2041 liberum
1360 1992 1595 2039 arbitrium

222 2061 371 2126 lexque
393 2065 636 2112 naturalis?
657 2067 764 2112 Haee
782 2078 842 2113 est
862 2068 1071 2131 sapientia
1092 2066 1232 2121 verbi,
1255 2081 1339 2128 qua
1360 2072 1595 2108 evacuatur

220 2149 322 2179 crux
348 2135 556 2184 Christis&
601 2137 683 2183 Sed
715 2139 791 2202 qui
822 2139 955 2184 dixit:
984 2138 1205 2185 «Perdun
1242 2134 1494 2212 sapientiam
1521 2150 1592 2178 sa-

219 2222 241 2244 »
261 2204 753 2270 pientum5;»qum1sm
776 2227 879 2256 crux
899 2228 985 2256 non
998 2219 1139 2273 potest
1161 2205 1378 2257 evacuari
1398 2202 1593 2266 profecto

212 2271 340 2318 istim
367 2274 622 2338 sapientiam
645 2295 722 2340 per
741 2280 969 2325 stultitiam
996 2275 1347 2357 praedicationis,
1376 2290 1461 2336 qua
1497 2289 1592 2317 cre-

210 2339 357 2404 dentes
381 2355 588 2391 sanantur
606 2383 617 2402 ‚
658 2349 825 2395 evertit.
871 2349 916 2395 Si
944 2349 1059 2395 enim
1092 2344 1358 2410 possibilitas
1382 2340 1591 2387 naturalis

261 2442 440 2477 ¹1Thess
459 2456 493 2488 v,
510 2457 565 2480 21.
581 2446 772 2481 -2R0m.
797 2460 826 2489 v,
858 2461 911 2483 12
936 2441 1461 2490 —3Act.1v‚12.—41C0r.
1486 2452 1569 2480 11

212 2494 462 2538 -51bid.19.
