<?xml version="1.0" encoding="UTF-8"?>
<!DOCTYPE html PUBLIC "-//W3C//DTD XHTML 1.0 Transitional//EN"
    "http://www.w3.org/TR/xhtml1/DTD/xhtml1-transitional.dtd">
<html xmlns="http://www.w3.org/1999/xhtml" xml:lang="en" lang="en">
 <head>
  <title>
</title>
<meta http-equiv="Content-Type" content="text/html;charset=utf-8" />
  <meta name='ocr-system' content='tesseract 3.04.00' />
  <meta name='ocr-capabilities' content='ocr_page ocr_carea ocr_par ocr_line ocrx_word'/>
</head>
<body>
  <div class='ocr_page' id='page_1' title='image "./operaomniaaccura33auguuoft_0537.png"; bbox 0 0 1763 2838; ppageno 0'>
   <div class='ocr_carea' id='block_1_1' title="bbox 208 151 1454 218">
    <p class='ocr_par' dir='ltr' id='par_1_1' title="bbox 208 151 1454 218">
     <span class='ocr_line' id='line_1_1' title="bbox 208 151 1454 218; baseline 0.006 -24"><span class='ocrx_word' id='word_1_1' title='bbox 208 163 265 195; x_wconf 86' lang='lat' dir='ltr'>DE</span> <span class='ocrx_word' id='word_1_2' title='bbox 300 163 479 196; x_wconf 84' lang='lat' dir='ltr'>NATURA.</span> <span class='ocrx_word' id='word_1_3' title='bbox 511 163 565 196; x_wconf 85' lang='lat' dir='ltr'>ET</span> <span class='ocrx_word' id='word_1_4' title='bbox 600 163 783 206; x_wconf 50' lang='lat' dir='ltr'>Gaul-A„</span> <span class='ocrx_word' id='word_1_5' title='bbox 822 164 997 197; x_wconf 85' lang='lat' dir='ltr'><strong>CONTRA</strong></span> <span class='ocrx_word' id='word_1_6' title='bbox 1032 164 1273 199; x_wconf 81' lang='lat' dir='ltr'><strong>PELAGIUM.</strong></span> <span class='ocrx_word' id='word_1_7' title='bbox 1362 151 1454 218; x_wconf 73' lang='lat'>527</span> 
     </span>
    </p>
   </div>
   <div class='ocr_carea' id='block_1_2' title="bbox 77 230 1479 2423">
    <p class='ocr_par' dir='ltr' id='par_1_2' title="bbox 77 230 1461 648">
     <span class='ocr_line' id='line_1_2' title="bbox 77 230 1454 295; baseline 0.004 -20"><span class='ocrx_word' id='word_1_8' title='bbox 77 230 124 276; x_wconf 92' lang='lat' dir='ltr'>in</span> <span class='ocrx_word' id='word_1_9' title='bbox 140 246 182 276; x_wconf 88' lang='lat' dir='ltr'>se</span> <span class='ocrx_word' id='word_1_10' title='bbox 192 231 481 292; x_wconf 82' lang='lat' dir='ltr'>transfigurat.</span> <span class='ocrx_word' id='word_1_11' title='bbox 506 231 576 277; x_wconf 89' lang='lat' dir='ltr'>Ab</span> <span class='ocrx_word' id='word_1_12' title='bbox 596 231 676 277; x_wconf 87' lang='lat' dir='ltr'>isto</span> <span class='ocrx_word' id='word_1_13' title='bbox 690 242 833 277; x_wconf 86' lang='lat' dir='ltr'>autem</span> <span class='ocrx_word' id='word_1_14' title='bbox 845 231 938 295; x_wconf 88' lang='lat' dir='ltr'>ipsa</span> <span class='ocrx_word' id='word_1_15' title='bbox 955 231 1147 279; x_wconf 86' lang='lat' dir='ltr'>humana</span> <span class='ocrx_word' id='word_1_16' title='bbox 1163 244 1319 280; x_wconf 82' lang='lat' dir='ltr'>natura</span> <span class='ocrx_word' id='word_1_17' title='bbox 1337 233 1454 280; x_wconf 87' lang='lat' dir='ltr'>inse-</span> 
     </span>
     <span class='ocr_line' id='line_1_3' title="bbox 77 301 1457 367; baseline 0.004 -21"><span class='ocrx_word' id='word_1_18' title='bbox 77 301 318 364; x_wconf 85' lang='lat' dir='ltr'>parabilem</span> <span class='ocrx_word' id='word_1_19' title='bbox 350 302 463 348; x_wconf 88' lang='lat' dir='ltr'>nihil</span> <span class='ocrx_word' id='word_1_20' title='bbox 494 303 713 366; x_wconf 82' lang='lat' dir='ltr'>peccandi</span> <span class='ocrx_word' id='word_1_21' title='bbox 725 302 1061 367; x_wconf 85' lang='lat' dir='ltr'>possibilitatem</span> <span class='ocrx_word' id='word_1_22' title='bbox 1077 304 1240 350; x_wconf 87' lang='lat' dir='ltr'>habere</span> <span class='ocrx_word' id='word_1_23' title='bbox 1258 304 1457 351; x_wconf 85' lang='lat' dir='ltr'>defendi-</span> 
     </span>
     <span class='ocr_line' id='line_1_4' title="bbox 79 371 1457 438; baseline 0.002 -21"><span class='ocrx_word' id='word_1_24' title='bbox 79 382 165 418; x_wconf 89' lang='lat' dir='ltr'>tur.</span> <span class='ocrx_word' id='word_1_25' title='bbox 188 371 273 418; x_wconf 88' lang='lat' dir='ltr'>Sed</span> <span class='ocrx_word' id='word_1_26' title='bbox 289 372 358 418; x_wconf 89' lang='lat' dir='ltr'>his</span> <span class='ocrx_word' id='word_1_27' title='bbox 373 374 516 420; x_wconf 79' lang='lat' dir='ltr'>verbis</span> <span class='ocrx_word' id='word_1_28' title='bbox 527 374 571 420; x_wconf 90' lang='lat' dir='ltr'>id</span> <span class='ocrx_word' id='word_1_29' title='bbox 583 374 739 434; x_wconf 78' lang='lat' dir='ltr'>agitur,</span> <span class='ocrx_word' id='word_1_30' title='bbox 755 375 882 420; x_wconf 84' lang='lat' dir='ltr'>etiam</span> <span class='ocrx_word' id='word_1_31' title='bbox 893 392 915 419; x_wconf 87' lang='lat' dir='ltr'>a</span> <span class='ocrx_word' id='word_1_32' title='bbox 928 376 1141 421; x_wconf 81' lang='lat' dir='ltr'>nesciente</span> <span class='ocrx_word' id='word_1_33' title='bbox 1153 376 1229 438; x_wconf 90' lang='lat' dir='ltr'>qui</span> <span class='ocrx_word' id='word_1_34' title='bbox 1245 375 1457 438; x_wconf 88' lang='lat' dir='ltr'>loquitur,</span> 
     </span>
     <span class='ocr_line' id='line_1_5' title="bbox 79 445 1461 509; baseline 0.003 -22"><span class='ocrx_word' id='word_1_35' title='bbox 79 459 167 488; x_wconf 91' lang='lat' dir='ltr'>non</span> <span class='ocrx_word' id='word_1_36' title='bbox 181 453 324 489; x_wconf 82' lang='lat' dir='ltr'>autem</span> <span class='ocrx_word' id='word_1_37' title='bbox 343 445 559 491; x_wconf 81' lang='lat' dir='ltr'>nesciente</span> <span class='ocrx_word' id='word_1_38' title='bbox 578 445 653 492; x_wconf 91' lang='lat' dir='ltr'>illo</span> <span class='ocrx_word' id='word_1_39' title='bbox 674 446 751 509; x_wconf 88' lang='lat' dir='ltr'>qui</span> <span class='ocrx_word' id='word_1_40' title='bbox 764 446 864 491; x_wconf 70' lang='lat' dir='ltr'>haec</span> <span class='ocrx_word' id='word_1_41' title='bbox 885 445 1103 508; x_wconf 85' lang='lat' dir='ltr'>loquenda</span> <span class='ocrx_word' id='word_1_42' title='bbox 1121 446 1307 491; x_wconf 84' lang='lat' dir='ltr'>incautis</span> <span class='ocrx_word' id='word_1_43' title='bbox 1331 446 1461 492; x_wconf 87' lang='lat' dir='ltr'>etiam</span> 
     </span>
     <span class='ocr_line' id='line_1_6' title="bbox 80 513 1453 577; baseline 0.003 -19"><span class='ocrx_word' id='word_1_44' title='bbox 80 513 222 559; x_wconf 90' lang='lat' dir='ltr'>Deum</span> <span class='ocrx_word' id='word_1_45' title='bbox 248 515 502 562; x_wconf 82' lang='lat' dir='ltr'>timentibus</span> <span class='ocrx_word' id='word_1_46' title='bbox 523 516 733 576; x_wconf 66' lang='lat' dir='ltr'>suggerit,</span> <span class='ocrx_word' id='word_1_47' title='bbox 757 527 805 562; x_wconf 82' lang='lat' dir='ltr'>ut</span> <span class='ocrx_word' id='word_1_48' title='bbox 824 526 1058 561; x_wconf 78' lang='lat' dir='ltr'>evacuetur</span> <span class='ocrx_word' id='word_1_49' title='bbox 1095 515 1260 562; x_wconf 80' lang='lat' dir='ltr'>Christi</span> <span class='ocrx_word' id='word_1_50' title='bbox 1298 517 1453 577; x_wconf 85' lang='lat' dir='ltr'>gratia,</span> 
     </span>
     <span class='ocr_line' id='line_1_7' title="bbox 78 582 1452 648; baseline 0.004 -19"><span class='ocrx_word' id='word_1_51' title='bbox 78 582 272 629; x_wconf 80' lang='lat' dir='ltr'>humana</span> <span class='ocrx_word' id='word_1_52' title='bbox 292 585 376 631; x_wconf 85' lang='lat' dir='ltr'>sibi</span> <span class='ocrx_word' id='word_1_53' title='bbox 403 586 457 632; x_wconf 85' lang='lat' dir='ltr'>ad</span> <span class='ocrx_word' id='word_1_54' title='bbox 490 588 701 647; x_wconf 76' lang='lat' dir='ltr'>justitiam</span> <span class='ocrx_word' id='word_1_55' title='bbox 721 604 852 632; x_wconf 85' lang='lat' dir='ltr'>suam-</span> <span class='ocrx_word' id='word_1_56' title='bbox 873 586 995 648; x_wconf 77' lang='lat' dir='ltr'>quasi</span> <span class='ocrx_word' id='word_1_57' title='bbox 1016 585 1252 632; x_wconf 81' lang='lat' dir='ltr'>sufficiente</span> <span class='ocrx_word' id='word_1_58' title='bbox 1281 599 1452 635; x_wconf 87' lang='lat' dir='ltr'>natura.</span> 
     </span>
    </p>

    <p class='ocr_par' dir='ltr' id='par_1_3' title="bbox 77 655 1479 2423">
     <span class='ocr_line' id='line_1_8' title="bbox 142 655 1460 721; baseline 0.004 -22"><span class='ocrx_word' id='word_1_59' title='bbox 142 655 261 703; x_wconf 80' lang='lat' dir='ltr'>LIX.</span> <span class='ocrx_word' id='word_1_60' title='bbox 290 656 344 702; x_wconf 82' lang='lat' dir='ltr'>Ut</span> <span class='ocrx_word' id='word_1_61' title='bbox 362 668 506 703; x_wconf 77' lang='lat' dir='ltr'>autem</span> <span class='ocrx_word' id='word_1_62' title='bbox 535 658 778 704; x_wconf 83' lang='lat' dir='ltr'>declinetur</span> <span class='ocrx_word' id='word_1_63' title='bbox 801 656 981 713; x_wconf 65' lang='lat' dir='ltr'>invidia,</span> <span class='ocrx_word' id='word_1_64' title='bbox 1007 674 1092 719; x_wconf 85' lang='lat' dir='ltr'>qua</span> <span class='ocrx_word' id='word_1_65' title='bbox 1119 658 1353 703; x_wconf 78' lang='lat' dir='ltr'>Christiani</span> <span class='ocrx_word' id='word_1_66' title='bbox 1379 676 1460 721; x_wconf 88' lang='lat' dir='ltr'>pro</span> 
     </span>
     <span class='ocr_line' id='line_1_9' title="bbox 78 724 1459 790; baseline 0.003 -21"><span class='ocrx_word' id='word_1_67' title='bbox 78 724 214 771; x_wconf 84' lang='lat' dir='ltr'>salute</span> <span class='ocrx_word' id='word_1_68' title='bbox 225 743 301 772; x_wconf 88' lang='lat' dir='ltr'>sua</span> <span class='ocrx_word' id='word_1_69' title='bbox 327 727 516 774; x_wconf 85' lang='lat' dir='ltr'>clamant</span> <span class='ocrx_word' id='word_1_70' title='bbox 534 740 576 773; x_wconf 85' lang='lat' dir='ltr'>et</span> <span class='ocrx_word' id='word_1_71' title='bbox 611 729 782 783; x_wconf 48' lang='lat' dir='ltr'>dicunt3</span> <span class='ocrx_word' id='word_1_72' title='bbox 807 743 939 790; x_wconf 81' lang='lat' dir='ltr'>quare</span> <span class='ocrx_word' id='word_1_73' title='bbox 964 727 1052 772; x_wconf 89' lang='lat' dir='ltr'>sine</span> <span class='ocrx_word' id='word_1_74' title='bbox 1075 726 1290 786; x_wconf 86' lang='lat' dir='ltr'>adjutorio</span> <span class='ocrx_word' id='word_1_75' title='bbox 1311 730 1459 787; x_wconf 77' lang='lat' dir='ltr'>gratiae</span> 
     </span>
     <span class='ocr_line' id='line_1_10' title="bbox 79 794 1455 861; baseline 0.001 -21"><span class='ocrx_word' id='word_1_76' title='bbox 79 794 161 841; x_wconf 88' lang='lat' dir='ltr'>Dei</span> <span class='ocrx_word' id='word_1_77' title='bbox 196 795 304 842; x_wconf 89' lang='lat' dir='ltr'>dicis</span> <span class='ocrx_word' id='word_1_78' title='bbox 327 797 548 843; x_wconf 85' lang='lat' dir='ltr'>hominem</span> <span class='ocrx_word' id='word_1_79' title='bbox 586 815 708 861; x_wconf 84' lang='lat' dir='ltr'>posse</span> <span class='ocrx_word' id='word_1_80' title='bbox 748 815 835 842; x_wconf 92' lang='lat' dir='ltr'>non</span> <span class='ocrx_word' id='word_1_81' title='bbox 869 800 1077 860; x_wconf 51' lang='lat' dir='ltr'>peccare?</span> <span class='ocrx_word' id='word_1_82' title='bbox 1100 799 1259 859; x_wconf 75' lang='lat' dir='ltr'>«Ipsa,</span> <span class='ocrx_word' id='word_1_83' title='bbox 1293 798 1455 861; x_wconf 88' lang='lat' dir='ltr'>inquit,</span> 
     </span>
     <span class='ocr_line' id='line_1_11' title="bbox 77 867 1454 932; baseline 0.002 -22"><span class='ocrx_word' id='word_1_84' title='bbox 77 882 166 911; x_wconf 91' lang='lat' dir='ltr'>non</span> <span class='ocrx_word' id='word_1_85' title='bbox 186 868 400 929; x_wconf 83' lang='lat' dir='ltr'>peccandi</span> <span class='ocrx_word' id='word_1_86' title='bbox 434 869 700 932; x_wconf 83' lang='lat' dir='ltr'>possibilitas</span> <span class='ocrx_word' id='word_1_87' title='bbox 734 886 819 913; x_wconf 88' lang='lat' dir='ltr'>non</span> <span class='ocrx_word' id='word_1_88' title='bbox 842 878 930 912; x_wconf 85' lang='lat' dir='ltr'>tam</span> <span class='ocrx_word' id='word_1_89' title='bbox 954 867 998 912; x_wconf 91' lang='lat' dir='ltr'>in</span> <span class='ocrx_word' id='word_1_90' title='bbox 1024 867 1192 912; x_wconf 81' lang='lat' dir='ltr'>arbitrii</span> <span class='ocrx_word' id='word_1_91' title='bbox 1226 878 1454 930; x_wconf 81' lang='lat' dir='ltr'>potestate,</span> 
     </span>
     <span class='ocr_line' id='line_1_12' title="bbox 78 937 1460 1001; baseline 0.001 -20"><span class='ocrx_word' id='word_1_92' title='bbox 78 952 211 999; x_wconf 86' lang='lat' dir='ltr'>quam</span> <span class='ocrx_word' id='word_1_93' title='bbox 229 937 274 983; x_wconf 90' lang='lat' dir='ltr'>in</span> <span class='ocrx_word' id='word_1_94' title='bbox 291 949 460 985; x_wconf 79' lang='lat' dir='ltr'>uaturae</span> <span class='ocrx_word' id='word_1_95' title='bbox 475 941 721 986; x_wconf 82' lang='lat' dir='ltr'>necessitate</span> <span class='ocrx_word' id='word_1_96' title='bbox 745 950 818 985; x_wconf 83' lang='lat' dir='ltr'>est.</span> <span class='ocrx_word' id='word_1_97' title='bbox 847 937 1076 1001; x_wconf 71' lang='lat' dir='ltr'>Quidqtlid</span> <span class='ocrx_word' id='word_1_98' title='bbox 1109 938 1153 982; x_wconf 89' lang='lat' dir='ltr'>in</span> <span class='ocrx_word' id='word_1_99' title='bbox 1178 949 1346 983; x_wconf 76' lang='lat' dir='ltr'>naturae</span> <span class='ocrx_word' id='word_1_100' title='bbox 1379 956 1460 983; x_wconf 86' lang='lat' dir='ltr'>ne-</span> 
     </span>
     <span class='ocr_line' id='line_1_13' title="bbox 79 1007 1462 1072; baseline 0.001 -20"><span class='ocrx_word' id='word_1_101' title='bbox 79 1007 276 1054; x_wconf 84' lang='lat' dir='ltr'>cessitate</span> <span class='ocrx_word' id='word_1_102' title='bbox 291 1010 484 1072; x_wconf 85' lang='lat' dir='ltr'>positum</span> <span class='ocrx_word' id='word_1_103' title='bbox 508 1022 586 1065; x_wconf 80' lang='lat' dir='ltr'>est,</span> <span class='ocrx_word' id='word_1_104' title='bbox 611 1011 665 1056; x_wconf 86' lang='lat' dir='ltr'>ad</span> <span class='ocrx_word' id='word_1_105' title='bbox 701 1021 869 1055; x_wconf 77' lang='lat' dir='ltr'>naturae</span> <span class='ocrx_word' id='word_1_106' title='bbox 892 1010 1104 1072; x_wconf 86' lang='lat' dir='ltr'>pertinere</span> <span class='ocrx_word' id='word_1_107' title='bbox 1123 1026 1210 1054; x_wconf 84' lang='lat' dir='ltr'>non</span> <span class='ocrx_word' id='word_1_108' title='bbox 1231 1008 1462 1054; x_wconf 86' lang='lat' dir='ltr'>dubitatur</span> 
     </span>
     <span class='ocr_line' id='line_1_14' title="bbox 80 1079 1462 1144; baseline 0.001 -22"><span class='ocrx_word' id='word_1_109' title='bbox 80 1088 320 1135; x_wconf 82' lang='lat' dir='ltr'>auctorem,</span> <span class='ocrx_word' id='word_1_110' title='bbox 352 1081 501 1144; x_wconf 83' lang='lat' dir='ltr'>utique</span> <span class='ocrx_word' id='word_1_111' title='bbox 524 1083 679 1127; x_wconf 89' lang='lat' dir='ltr'>Deum.</span> <span class='ocrx_word' id='word_1_112' title='bbox 712 1079 948 1136; x_wconf 78' lang='lat' dir='ltr'>Quomodo</span> <span class='ocrx_word' id='word_1_113' title='bbox 968 1096 1086 1138; x_wconf 74' lang='lat' dir='ltr'>erge,</span> <span class='ocrx_word' id='word_1_114' title='bbox 1113 1079 1274 1142; x_wconf 78' lang='lat' dir='ltr'>inquit,</span> <span class='ocrx_word' id='word_1_115' title='bbox 1298 1080 1462 1141; x_wconf 85' lang='lat' dir='ltr'>absque</span> 
     </span>
     <span class='ocr_line' id='line_1_15' title="bbox 80 1148 1462 1214; baseline 0 -21"><span class='ocrx_word' id='word_1_116' title='bbox 80 1148 161 1193; x_wconf 85' lang='lat' dir='ltr'>Dei</span> <span class='ocrx_word' id='word_1_117' title='bbox 186 1150 323 1209; x_wconf 84' lang='lat' dir='ltr'>gratia</span> <span class='ocrx_word' id='word_1_118' title='bbox 346 1150 434 1197; x_wconf 88' lang='lat' dir='ltr'>dici</span> <span class='ocrx_word' id='word_1_119' title='bbox 457 1152 739 1208; x_wconf 73' lang='lat' dir='ltr'>existimatur,</span> <span class='ocrx_word' id='word_1_120' title='bbox 764 1150 884 1214; x_wconf 88' lang='lat' dir='ltr'>quod</span> <span class='ocrx_word' id='word_1_121' title='bbox 905 1149 959 1195; x_wconf 88' lang='lat' dir='ltr'>ad</span> <span class='ocrx_word' id='word_1_122' title='bbox 987 1153 1131 1195; x_wconf 87' lang='lat' dir='ltr'>Deum</span> <span class='ocrx_word' id='word_1_123' title='bbox 1155 1150 1333 1212; x_wconf 86' lang='lat' dir='ltr'>proprie</span> <span class='ocrx_word' id='word_1_124' title='bbox 1356 1167 1462 1212; x_wconf 85' lang='lat' dir='ltr'>per—-</span> 
     </span>
     <span class='ocr_line' id='line_1_16' title="bbox 81 1218 1458 1286; baseline 0 -22"><span class='ocrx_word' id='word_1_125' title='bbox 81 1218 216 1265; x_wconf 88' lang='lat' dir='ltr'>tinere</span> <span class='ocrx_word' id='word_1_126' title='bbox 240 1227 537 1269; x_wconf 65' lang='lat' dir='ltr'>monstratur?</span> <span class='ocrx_word' id='word_1_127' title='bbox 558 1246 578 1265; x_wconf 83' lang='lat'>»</span> <span class='ocrx_word' id='word_1_128' title='bbox 610 1224 819 1286; x_wconf 77' lang='lat' dir='ltr'>Expressa</span> <span class='ocrx_word' id='word_1_129' title='bbox 838 1232 900 1267; x_wconf 86' lang='lat' dir='ltr'>est</span> <span class='ocrx_word' id='word_1_130' title='bbox 922 1221 1131 1266; x_wconf 88' lang='lat' dir='ltr'>sententia</span> <span class='ocrx_word' id='word_1_131' title='bbox 1150 1237 1250 1283; x_wconf 60' lang='lat' dir='ltr'>quae</span> <span class='ocrx_word' id='word_1_132' title='bbox 1274 1220 1458 1276; x_wconf 84' lang='lat' dir='ltr'>latebat,</span> 
     </span>
     <span class='ocr_line' id='line_1_17' title="bbox 80 1290 1464 1356; baseline 0 -22"><span class='ocrx_word' id='word_1_133' title='bbox 80 1305 170 1334; x_wconf 91' lang='lat' dir='ltr'>non</span> <span class='ocrx_word' id='word_1_134' title='bbox 194 1301 257 1335; x_wconf 88' lang='lat' dir='ltr'>est</span> <span class='ocrx_word' id='word_1_135' title='bbox 284 1292 657 1354; x_wconf 86' lang='lat' dir='ltr'>quemadmodum</span> <span class='ocrx_word' id='word_1_136' title='bbox 682 1293 816 1356; x_wconf 81' lang='lat' dir='ltr'>possit</span> <span class='ocrx_word' id='word_1_137' title='bbox 845 1291 1069 1336; x_wconf 85' lang='lat' dir='ltr'>abscondi.</span> <span class='ocrx_word' id='word_1_138' title='bbox 1115 1290 1219 1335; x_wconf 90' lang='lat' dir='ltr'>Ideo</span> <span class='ocrx_word' id='word_1_139' title='bbox 1255 1290 1337 1335; x_wconf 86' lang='lat' dir='ltr'>Dei</span> <span class='ocrx_word' id='word_1_140' title='bbox 1363 1307 1464 1349; x_wconf 79' lang='lat' dir='ltr'>gra-</span> 
     </span>
     <span class='ocr_line' id='line_1_18' title="bbox 83 1359 1464 1426; baseline 0 -21"><span class='ocrx_word' id='word_1_141' title='bbox 83 1359 156 1405; x_wconf 79' lang='lat' dir='ltr'>tiae</span> <span class='ocrx_word' id='word_1_142' title='bbox 180 1361 335 1407; x_wconf 84' lang='lat' dir='ltr'>tribuit</span> <span class='ocrx_word' id='word_1_143' title='bbox 351 1380 437 1408; x_wconf 89' lang='lat' dir='ltr'>non</span> <span class='ocrx_word' id='word_1_144' title='bbox 458 1364 670 1426; x_wconf 88' lang='lat' dir='ltr'>peccandi</span> <span class='ocrx_word' id='word_1_145' title='bbox 691 1362 1041 1426; x_wconf 81' lang='lat' dir='ltr'>possibilitatem,</span> <span class='ocrx_word' id='word_1_146' title='bbox 1066 1361 1168 1422; x_wconf 85' lang='lat' dir='ltr'>quia</span> <span class='ocrx_word' id='word_1_147' title='bbox 1188 1364 1278 1418; x_wconf 83' lang='lat' dir='ltr'>ejus</span> <span class='ocrx_word' id='word_1_148' title='bbox 1295 1370 1464 1405; x_wconf 78' lang='lat' dir='ltr'>natura:</span> 
     </span>
     <span class='ocr_line' id='line_1_19' title="bbox 84 1431 1465 1499; baseline -0.002 -20"><span class='ocrx_word' id='word_1_149' title='bbox 84 1433 201 1480; x_wconf 89' lang='lat' dir='ltr'>Deus</span> <span class='ocrx_word' id='word_1_150' title='bbox 236 1445 388 1482; x_wconf 83' lang='lat' dir='ltr'>auctor</span> <span class='ocrx_word' id='word_1_151' title='bbox 410 1447 472 1481; x_wconf 87' lang='lat' dir='ltr'>est</span> <span class='ocrx_word' id='word_1_152' title='bbox 490 1474 499 1491; x_wconf 87' lang='lat'>‚</span> <span class='ocrx_word' id='word_1_153' title='bbox 543 1437 613 1481; x_wconf 83' lang='lat' dir='ltr'>cui</span> <span class='ocrx_word' id='word_1_154' title='bbox 638 1435 968 1499; x_wconf 83' lang='lat' dir='ltr'>possibllitatcm</span> <span class='ocrx_word' id='word_1_155' title='bbox 1005 1450 1091 1478; x_wconf 87' lang='lat' dir='ltr'>non</span> <span class='ocrx_word' id='word_1_156' title='bbox 1117 1431 1327 1495; x_wconf 86' lang='lat' dir='ltr'>peccandi</span> <span class='ocrx_word' id='word_1_157' title='bbox 1350 1433 1465 1477; x_wconf 88' lang='lat' dir='ltr'>inse-</span> 
     </span>
     <span class='ocr_line' id='line_1_20' title="bbox 84 1503 1466 1567; baseline -0.001 -18"><span class='ocrx_word' id='word_1_158' title='bbox 84 1505 340 1567; x_wconf 87' lang='lat' dir='ltr'>parabiliter</span> <span class='ocrx_word' id='word_1_159' title='bbox 362 1507 538 1552; x_wconf 87' lang='lat' dir='ltr'>insitam</span> <span class='ocrx_word' id='word_1_160' title='bbox 557 1507 678 1553; x_wconf 87' lang='lat' dir='ltr'>dicit.</span> <span class='ocrx_word' id='word_1_161' title='bbox 719 1508 834 1551; x_wconf 67' lang='lat' dir='ltr'>(jum</span> <span class='ocrx_word' id='word_1_162' title='bbox 871 1504 964 1550; x_wconf 68' lang='lat' dir='ltr'>vult</span> <span class='ocrx_word' id='word_1_163' title='bbox 993 1521 1092 1563; x_wconf 81' lang='lat' dir='ltr'>ergo</span> <span class='ocrx_word' id='word_1_164' title='bbox 1114 1503 1235 1558; x_wconf 78' lang='lat' dir='ltr'>facit,</span> <span class='ocrx_word' id='word_1_165' title='bbox 1256 1503 1358 1565; x_wconf 89' lang='lat' dir='ltr'>quia</span> <span class='ocrx_word' id='word_1_166' title='bbox 1378 1519 1466 1547; x_wconf 87' lang='lat' dir='ltr'>non</span> 
     </span>
     <span class='ocr_line' id='line_1_21' title="bbox 85 1572 1465 1636; baseline -0.002 -16"><span class='ocrx_word' id='word_1_167' title='bbox 85 1574 181 1621; x_wconf 82' lang='lat' dir='ltr'>vult</span> <span class='ocrx_word' id='word_1_168' title='bbox 199 1593 287 1622; x_wconf 89' lang='lat' dir='ltr'>non</span> <span class='ocrx_word' id='word_1_169' title='bbox 319 1576 437 1625; x_wconf 84' lang='lat' dir='ltr'>facit.</span> <span class='ocrx_word' id='word_1_170' title='bbox 473 1578 559 1623; x_wconf 70' lang='lat' dir='ltr'>[bi</span> <span class='ocrx_word' id='word_1_171' title='bbox 583 1578 697 1622; x_wconf 88' lang='lat' dir='ltr'>enim</span> <span class='ocrx_word' id='word_1_172' title='bbox 719 1587 780 1622; x_wconf 87' lang='lat' dir='ltr'>est</span> <span class='ocrx_word' id='word_1_173' title='bbox 800 1574 1102 1635; x_wconf 85' lang='lat' dir='ltr'>inseparabilis</span> <span class='ocrx_word' id='word_1_174' title='bbox 1118 1573 1400 1636; x_wconf 85' lang='lat' dir='ltr'>possibilitas,</span> <span class='ocrx_word' id='word_1_175' title='bbox 1426 1572 1465 1617; x_wconf 89' lang='lat' dir='ltr'>ei</span> 
     </span>
     <span class='ocr_line' id='line_1_22' title="bbox 89 1644 1466 1711; baseline -0.001 -21"><span class='ocrx_word' id='word_1_176' title='bbox 89 1645 286 1693; x_wconf 85' lang='lat' dir='ltr'>accidere</span> <span class='ocrx_word' id='word_1_177' title='bbox 306 1665 394 1694; x_wconf 89' lang='lat' dir='ltr'>non</span> <span class='ocrx_word' id='word_1_178' title='bbox 418 1659 561 1711; x_wconf 87' lang='lat' dir='ltr'>potest</span> <span class='ocrx_word' id='word_1_179' title='bbox 591 1647 827 1694; x_wconf 71' lang='lat' dir='ltr'>voluntatis</span> <span class='ocrx_word' id='word_1_180' title='bbox 849 1646 1095 1699; x_wconf 79' lang='lat' dir='ltr'>infirmitas,</span> <span class='ocrx_word' id='word_1_181' title='bbox 1133 1644 1200 1689; x_wconf 69' lang='lat' dir='ltr'>vel</span> <span class='ocrx_word' id='word_1_182' title='bbox 1221 1644 1366 1707; x_wconf 85' lang='lat' dir='ltr'>potius</span> <span class='ocrx_word' id='word_1_183' title='bbox 1385 1660 1466 1689; x_wconf 80' lang='lat' dir='ltr'>vo—</span> 
     </span>
     <span class='ocr_line' id='line_1_23' title="bbox 87 1714 1468 1783; baseline -0.002 -22"><span class='ocrx_word' id='word_1_184' title='bbox 87 1715 266 1764; x_wconf 84' lang='lat' dir='ltr'>luntatis</span> <span class='ocrx_word' id='word_1_185' title='bbox 286 1718 529 1779; x_wconf 83' lang='lat' dir='ltr'>adjacentia</span> <span class='ocrx_word' id='word_1_186' title='bbox 565 1730 606 1765; x_wconf 89' lang='lat' dir='ltr'>et</span> <span class='ocrx_word' id='word_1_187' title='bbox 640 1717 916 1783; x_wconf 86' lang='lat' dir='ltr'>perfectionis</span> <span class='ocrx_word' id='word_1_188' title='bbox 940 1715 1194 1775; x_wconf 81' lang='lat' dir='ltr'>indigentia.</span> <span class='ocrx_word' id='word_1_189' title='bbox 1222 1715 1268 1759; x_wconf 77' lang='lat' dir='ltr'>Si</span> <span class='ocrx_word' id='word_1_190' title='bbox 1292 1731 1393 1773; x_wconf 77' lang='lat' dir='ltr'>ergo</span> <span class='ocrx_word' id='word_1_191' title='bbox 1407 1714 1468 1758; x_wconf 83' lang='lat' dir='ltr'>ita</span> 
     </span>
     <span class='ocr_line' id='line_1_24' title="bbox 90 1785 1468 1850; baseline -0.003 -18"><span class='ocrx_word' id='word_1_192' title='bbox 90 1798 169 1844; x_wconf 79' lang='lat' dir='ltr'>est,</span> <span class='ocrx_word' id='word_1_193' title='bbox 196 1790 312 1836; x_wconf 89' lang='lat' dir='ltr'>unde</span> <span class='ocrx_word' id='word_1_194' title='bbox 329 1792 446 1836; x_wconf 73' lang='lat' dir='ltr'>venit</span> <span class='ocrx_word' id='word_1_195' title='bbox 470 1809 479 1836; x_wconf 93' lang='lat'>:</span> <span class='ocrx_word' id='word_1_196' title='bbox 509 1813 529 1833; x_wconf 70' lang='grc' dir='ltr'>α</span> <span class='ocrx_word' id='word_1_197' title='bbox 548 1791 582 1835; x_wconf 61' lang='lat' dir='ltr'>Y</span> <span class='ocrx_word' id='word_1_198' title='bbox 587 1790 666 1835; x_wconf 86' lang='lat' dir='ltr'>elle</span> <span class='ocrx_word' id='word_1_199' title='bbox 689 1790 874 1849; x_wconf 83' lang='lat' dir='ltr'>adjacet,</span> <span class='ocrx_word' id='word_1_200' title='bbox 901 1788 1110 1850; x_wconf 81' lang='lat' dir='ltr'>perlicere</span> <span class='ocrx_word' id='word_1_201' title='bbox 1132 1796 1276 1830; x_wconf 88' lang='lat' dir='ltr'>autem</span> <span class='ocrx_word' id='word_1_202' title='bbox 1301 1785 1468 1829; x_wconf 86' lang='lat' dir='ltr'>bonum</span> 
     </span>
     <span class='ocr_line' id='line_1_25' title="bbox 91 1855 1464 1921; baseline -0.004 -18"><span class='ocrx_word' id='word_1_203' title='bbox 91 1878 113 1899; x_wconf 82' lang='lat'>›&gt;</span> <span class='ocrx_word' id='word_1_204' title='bbox 132 1876 219 1904; x_wconf 86' lang='lat' dir='ltr'>non</span> <span class='ocrx_word' id='word_1_205' title='bbox 243 1860 411 1920; x_wconf 84' lang='lat' dir='ltr'>adjacet</span> <span class='ocrx_word' id='word_1_206' title='bbox 429 1861 474 1907; x_wconf 59' lang='lat'>‘12³</span> <span class='ocrx_word' id='word_1_207' title='bbox 500 1883 520 1902; x_wconf 80' lang='lat'>»</span> <span class='ocrx_word' id='word_1_208' title='bbox 546 1861 591 1905; x_wconf 87' lang='lat' dir='ltr'>Si</span> <span class='ocrx_word' id='word_1_209' title='bbox 614 1861 727 1905; x_wconf 88' lang='lat' dir='ltr'>enim</span> <span class='ocrx_word' id='word_1_210' title='bbox 748 1860 827 1905; x_wconf 87' lang='lat' dir='ltr'>iste</span> <span class='ocrx_word' id='word_1_211' title='bbox 849 1858 926 1921; x_wconf 87' lang='lat' dir='ltr'>qui</span> <span class='ocrx_word' id='word_1_212' title='bbox 944 1857 1065 1902; x_wconf 87' lang='lat' dir='ltr'>hunc</span> <span class='ocrx_word' id='word_1_213' title='bbox 1088 1856 1252 1900; x_wconf 79' lang='lat' dir='ltr'>librum</span> <span class='ocrx_word' id='word_1_214' title='bbox 1274 1855 1464 1915; x_wconf 74' lang='lat' dir='ltr'>scripsit,</span> 
     </span>
     <span class='ocr_line' id='line_1_26' title="bbox 94 1924 1470 1992; baseline -0.005 -16"><span class='ocrx_word' id='word_1_215' title='bbox 94 1926 147 1976; x_wconf 77' lang='lat' dir='ltr'>(le</span> <span class='ocrx_word' id='word_1_216' title='bbox 170 1931 244 1978; x_wconf 84' lang='lat' dir='ltr'>illa</span> <span class='ocrx_word' id='word_1_217' title='bbox 266 1931 456 1978; x_wconf 87' lang='lat' dir='ltr'>hominis</span> <span class='ocrx_word' id='word_1_218' title='bbox 479 1932 630 1976; x_wconf 85' lang='lat' dir='ltr'>naiura</span> <span class='ocrx_word' id='word_1_219' title='bbox 655 1930 924 1992; x_wconf 83' lang='lat' dir='ltr'>loqueretur,</span> <span class='ocrx_word' id='word_1_220' title='bbox 958 1942 1058 1989; x_wconf 82' lang='lat' dir='ltr'>quae</span> <span class='ocrx_word' id='word_1_221' title='bbox 1082 1925 1226 1987; x_wconf 88' lang='lat' dir='ltr'>primo</span> <span class='ocrx_word' id='word_1_222' title='bbox 1243 1924 1470 1986; x_wconf 83' lang='lat' dir='ltr'>inculpata</span> 
     </span>
     <span class='ocr_line' id='line_1_27' title="bbox 94 1995 1468 2063; baseline -0.007 -14"><span class='ocrx_word' id='word_1_223' title='bbox 94 2014 136 2049; x_wconf 88' lang='lat' dir='ltr'>et</span> <span class='ocrx_word' id='word_1_224' title='bbox 157 2021 259 2050; x_wconf 84' lang='lat' dir='ltr'>sana</span> <span class='ocrx_word' id='word_1_225' title='bbox 284 2004 461 2050; x_wconf 84' lang='lat' dir='ltr'>condita</span> <span class='ocrx_word' id='word_1_226' title='bbox 478 2014 538 2048; x_wconf 85' lang='lat' dir='ltr'>est</span> <span class='ocrx_word' id='word_1_227' title='bbox 563 2013 801 2063; x_wconf 86' lang='lat' dir='ltr'>utcumque</span> <span class='ocrx_word' id='word_1_228' title='bbox 824 2007 1126 2060; x_wconf 83' lang='lat' dir='ltr'>acceptaretur</span> <span class='ocrx_word' id='word_1_229' title='bbox 1152 1996 1238 2041; x_wconf 86' lang='lat' dir='ltr'>hoc</span> <span class='ocrx_word' id='word_1_230' title='bbox 1257 1995 1425 2040; x_wconf 87' lang='lat' dir='ltr'>dictum</span> <span class='ocrx_word' id='word_1_231' title='bbox 1457 2012 1468 2039; x_wconf 91' lang='lat'>:</span> 
     </span>
     <span class='ocr_line' id='line_1_28' title="bbox 96 2065 1466 2137; baseline -0.009 -16"><span class='ocrx_word' id='word_1_232' title='bbox 96 2091 347 2137; x_wconf 82' lang='lat' dir='ltr'>quanquam</span> <span class='ocrx_word' id='word_1_233' title='bbox 383 2071 714 2136; x_wconf 82' lang='lat' dir='ltr'>inseparabilem</span> <span class='ocrx_word' id='word_1_234' title='bbox 741 2070 903 2115; x_wconf 85' lang='lat' dir='ltr'>habere</span> <span class='ocrx_word' id='word_1_235' title='bbox 926 2066 1280 2130; x_wconf 81' lang='lat' dir='ltr'>possibilitatem,</span> <span class='ocrx_word' id='word_1_236' title='bbox 1316 2065 1360 2110; x_wconf 90' lang='lat' dir='ltr'>id</span> <span class='ocrx_word' id='word_1_237' title='bbox 1387 2076 1466 2120; x_wconf 89' lang='lat' dir='ltr'>est,</span> 
     </span>
     <span class='ocr_line' id='line_1_29' title="bbox 97 2136 1470 2201; baseline -0.008 -11"><span class='ocrx_word' id='word_1_238' title='bbox 97 2156 146 2190; x_wconf 90' lang='lat' dir='ltr'>ut</span> <span class='ocrx_word' id='word_1_239' title='bbox 170 2145 227 2190; x_wconf 87' lang='lat' dir='ltr'>ita</span> <span class='ocrx_word' id='word_1_240' title='bbox 245 2146 407 2201; x_wconf 73' lang='lat' dir='ltr'>dicam,</span> <span class='ocrx_word' id='word_1_241' title='bbox 435 2142 775 2195; x_wconf 80' lang='lat' dir='ltr'>inamissibilem,</span> <span class='ocrx_word' id='word_1_242' title='bbox 801 2157 889 2185; x_wconf 90' lang='lat' dir='ltr'>non</span> <span class='ocrx_word' id='word_1_243' title='bbox 910 2138 1063 2183; x_wconf 80' lang='lat' dir='ltr'>debuit</span> <span class='ocrx_word' id='word_1_244' title='bbox 1086 2137 1159 2181; x_wconf 83' lang='lat' dir='ltr'>illa</span> <span class='ocrx_word' id='word_1_245' title='bbox 1186 2146 1339 2181; x_wconf 85' lang='lat' dir='ltr'>natura</span> <span class='ocrx_word' id='word_1_246' title='bbox 1356 2136 1470 2192; x_wconf 79' lang='lat' dir='ltr'>dici,</span> 
     </span>
     <span class='ocr_line' id='line_1_30' title="bbox 98 2206 1475 2281; baseline -0.01 -17"><span class='ocrx_word' id='word_1_247' title='bbox 98 2233 199 2281; x_wconf 83' lang='lat' dir='ltr'>quae</span> <span class='ocrx_word' id='word_1_248' title='bbox 216 2217 359 2262; x_wconf 60' lang='lat' dir='ltr'>vitiari</span> <span class='ocrx_word' id='word_1_249' title='bbox 385 2226 543 2279; x_wconf 85' lang='lat' dir='ltr'>posset.</span> <span class='ocrx_word' id='word_1_250' title='bbox 570 2224 609 2258; x_wconf 87' lang='lat' dir='ltr'>ct</span> <span class='ocrx_word' id='word_1_251' title='bbox 637 2212 853 2258; x_wconf 89' lang='lat' dir='ltr'>medicum</span> <span class='ocrx_word' id='word_1_252' title='bbox 876 2225 1086 2272; x_wconf 62' lang='lat' dir='ltr'>quaerere,</span> <span class='ocrx_word' id='word_1_253' title='bbox 1116 2206 1475 2269; x_wconf 85' lang='lat' dir='ltr'>quicaecioculos</span> 
     </span>
     <span class='ocr_line' id='line_1_31' title="bbox 99 2277 1478 2348; baseline -0.012 -12"><span class='ocrx_word' id='word_1_254' title='bbox 99 2299 284 2345; x_wconf 80' lang='lat' dir='ltr'>sanaret,</span> <span class='ocrx_word' id='word_1_255' title='bbox 312 2299 354 2334; x_wconf 89' lang='lat' dir='ltr'>et</span> <span class='ocrx_word' id='word_1_256' title='bbox 375 2286 553 2333; x_wconf 81' lang='lat' dir='ltr'>videndi</span> <span class='ocrx_word' id='word_1_257' title='bbox 574 2282 903 2348; x_wconf 84' lang='lat' dir='ltr'>possibilitatem</span> <span class='ocrx_word' id='word_1_258' title='bbox 931 2279 1188 2333; x_wconf 80' lang='lat' dir='ltr'>restitueret,</span> <span class='ocrx_word' id='word_1_259' title='bbox 1215 2294 1316 2340; x_wconf 80' lang='lat' dir='ltr'>quae</span> <span class='ocrx_word' id='word_1_260' title='bbox 1337 2277 1478 2322; x_wconf 81' lang='lat' dir='ltr'>suerat</span> 
     </span>
     <span class='ocr_line' id='line_1_32' title="bbox 102 2346 1479 2423; baseline -0.011 -16"><span class='ocrx_word' id='word_1_261' title='bbox 102 2361 254 2406; x_wconf 85' lang='lat' dir='ltr'>amissa</span> <span class='ocrx_word' id='word_1_262' title='bbox 273 2376 351 2423; x_wconf 86' lang='lat' dir='ltr'>per</span> <span class='ocrx_word' id='word_1_263' title='bbox 377 2358 617 2404; x_wconf 81' lang='lat' dir='ltr'>caecitatem</span> <span class='ocrx_word' id='word_1_264' title='bbox 639 2373 649 2400; x_wconf 75' lang='grc' dir='ltr'>ε</span> <span class='ocrx_word' id='word_1_265' title='bbox 685 2353 893 2419; x_wconf 82' lang='lat' dir='ltr'>quoniam</span> <span class='ocrx_word' id='word_1_266' title='bbox 925 2366 1068 2397; x_wconf 87' lang='lat' dir='ltr'>caecus</span> <span class='ocrx_word' id='word_1_267' title='bbox 1089 2359 1199 2412; x_wconf 87' lang='lat' dir='ltr'>puto</span> <span class='ocrx_word' id='word_1_268' title='bbox 1228 2348 1349 2412; x_wconf 89' lang='lat' dir='ltr'>quod</span> <span class='ocrx_word' id='word_1_269' title='bbox 1376 2346 1479 2395; x_wconf 80' lang='lat' dir='ltr'>velit</span> 
     </span>
    </p>
   </div>
   <div class='ocr_carea' id='block_1_3' title="bbox 153 2470 433 2516">
    <p class='ocr_par' dir='ltr' id='par_1_4' title="bbox 153 2470 433 2516">
     <span class='ocr_line' id='line_1_33' title="bbox 153 2470 433 2516; baseline 0 -9"><span class='ocrx_word' id='word_1_270' title='bbox 153 2470 278 2509; x_wconf 78' lang='lat' dir='ltr'>¹Rom.</span> <span class='ocrx_word' id='word_1_271' title='bbox 301 2482 357 2516; x_wconf 77' lang='lat' dir='ltr'>vn,</span> <span class='ocrx_word' id='word_1_272' title='bbox 379 2473 433 2507; x_wconf 81' lang='lat'>18.</span> 
     </span>
    </p>
   </div>
  </div>
 </body>
</html>
