1763 2838
282 206 366 252 132
696 219 730 248 5.
775 217 1015 248 Αο00511Ν1
1051 218 1251 250 EPISCOPI

274 284 483 331 fluctibus
496 283 709 330 latitantes
721 283 890 343 ignaros
900 301 986 329 non
998 284 1203 347 polluunt
1217 285 1462 348 piscatores.
1474 284 1641 341 Quam·

274 356 338 403 vis
363 372 451 402 non
473 356 524 401 sit
541 355 593 401 de
616 354 907 418 piscatoribus
935 356 1115 419 quaestio
1131 394 1141 412 ‚
1172 373 1277 419 quos
1306 355 1480 401 sortasse
1503 356 1548 402 in
1569 356 1643 402 illa

274 426 557 474 similitudine
575 425 787 472 Dominus
807 425 987 485 Angelos
1001 426 1181 486 intelligi
1204 425 1353 473 voluit.
1378 427 1512 486 Magis
1527 426 1643 472 enim

273 496 585 544 attendendum
607 507 668 542 est
686 496 798 542 intra
816 497 909 559 ipsa
932 496 1038 542 retia
1060 497 1197 560 pisces
1220 497 1357 541 bonos
1375 514 1397 541 a
1416 495 1538 541 malis
1556 513 1643 542 non

271 584 396 631 posse
418 567 641 614 maculari.
679 567 829 629 Neque
851 567 965 612 enim
992 578 1033 612 et
1065 567 1148 630 ipsi
1168 583 1255 612 non
1280 565 1429 613 vident
1456 565 1643 612 invicem

270 637 401 683 simul
436 648 654 693 natantes,
683 637 793 682 sicut
819 656 841 682 a
872 637 1166 700 piscatoribus
1191 637 1303 682 intra
1332 653 1488 700 aquam
1514 635 1644 699 positi

270 724 358 752 non
379 707 596 755 videntur.
625 706 732 763 Sed,
761 718 808 753 ut
832 707 944 763 dixi,
978 708 1135 753 sufficit
1155 724 1294 753 causae
1318 718 1500 764 nostrae,
1524 705 1643 770 quod

269 776 370 822 mali
394 795 481 823 non
503 777 734 841 polluunt,
764 794 952 840 quorum
975 778 1088 823 mala
1106 778 1218 823 facta
1241 777 1507 823 nesciuntur.

333 848 561 895 XXXVII.
601 849 794 893 Fuerunt
829 847 1007 910 quidam
1035 858 1229 912 tempore
1265 847 1490 893 Caeciliani
1526 846 1643 893 beati

269 917 468 979 pacifici,
501 917 576 980 qui
616 934 738 974 eum,
774 917 939 963 etiamsi
963 918 1167 964 innocens
1188 936 1277 964 non
1301 929 1429 973 esset,
1465 919 1643 963 scientes

267 1004 350 1050 pro
371 987 591 1033 catholica
614 988 779 1033 unitate
810 987 1066 1045 tolerarent,
1103 1006 1204 1034 cum
1230 1006 1330 1034 eum
1353 989 1549 1035 viderent
1580 998 1646 1034 tot

268 1058 423 1117 ignotis
443 1059 663 1119 gentibus,
684 1076 763 1122 per
779 1075 886 1121 quas
903 1059 995 1122 ipsa
1008 1059 1148 1104 unitas
1162 1060 1383 1116 dilatatur,
1406 1076 1644 1105 sacramen-

270 1138 414 1175 torum
448 1129 859 1193 participandorum
891 1130 1196 1175 communione
1232 1131 1474 1185 coliaerere3
1501 1130 1645 1194 eisque

273 1199 401 1245 talem
421 1217 509 1245 non
532 1217 656 1264 posse
672 1200 903 1245 monstrari
922 1237 932 1256 ,
958 1200 1131 1263 qualem
1151 1200 1234 1263 ipsi
1253 1217 1350 1245 eum
1368 1216 1454 1245 esse
1468 1217 1647 1260 cognos-

269 1282 415 1317 cerent
436 1289 447 1316 :
471 1271 555 1335 ipsi
579 1288 621 1316 se
647 1282 798 1316 contra
821 1271 921 1316 istas
945 1271 1184 1315 calumnias
1208 1270 1486 1316 defenderent
1504 1271 1647 1317 verbis

269 1342 387 1388 beati
407 1353 448 1387 et.
458 1342 635 1405 pacifici
660 1342 870 1406 Cypriani
887 1378 897 1398 ,
928 1341 1247 1405 clamarentque
1267 1341 1449 1387 fidenter
1463 1353 1505 1387 et
1523 1341 1647 1388 dice-

269 1423 399 1458 rent:
428 1413 532 1458 Ideo
570 1423 751 1476 propter
788 1412 1075 1457 Caecilianum
1108 1430 1194 1457 non
1234 1413 1467 1459 deserimus
1498 1413 1647 1459 unita-

264 1482 379 1529 tem1
393 1521 404 1540 ,
435 1484 538 1546 quia
555 1484 634 1528 etsi
660 1483 920 1529 videnturin
940 1483 1130 1528 Ecclesia
1151 1500 1236 1528 esse
1256 1483 1443 1538 zizani33
1464 1501 1552 1529 non
1577 1495 1648 1530 ta-

272 1571 373 1599 men
409 1553 614 1617 impediri
652 1553 784 1599 debet
825 1564 898 1598 aut
935 1553 1041 1598 fides
1068 1564 1142 1598 aut
1180 1553 1367 1599 charitas
1407 1565 1571 1610 nostra,
1598 1565 1648 1600 ut

271 1624 477 1687 quoniam
488 1623 649 1669 zizania
664 1641 749 1669 0550
769 1625 813 1668 in
832 1623 1023 1668 Ecclesia
1035 1623 1267 1678 cernimus,
1287 1623 1370 1685 ipsi
1388 1623 1440 1667 de
1455 1624 1648 1669 Ecclesia

271 1694 537 1740 recedamus.
580 1696 766 1739 Istorum
796 1694 994 1757 pacificae
1018 1694 1241 1757 patientiae
1260 1693 1509 1740 conveniret
1527 1712 1648 1758 prae-

273 1764 508 1810 clarissima
534 1764 626 1810 laus
649 1765 723 1809 illa
740 1801 750 1820 ,
774 1781 861 1827 qua
879 1763 1083 1809 laudatur
1112 1762 1300 1823 Angelus
1324 1763 1526 1810 Ecclesiae
1550 1781 1650 1828 quae

273 1844 335 1879 est
361 1834 523 1897 Ephesi
548 1852 558 1878 :
584 1834 737 1896 (quem
762 1850 888 1878 nemo
910 1844 1024 1878 recte
1057 1833 1296 1892 intelligens
1322 1833 1496 1879 dubitat
1513 1835 1649 1898 ipsius

277 1904 482 1950 Ecclesiae
500 1915 663 1964 gestare
684 1922 911 1968 personam
928 1904 966 1963 ‚J
981 1904 1051 1949 cui
1067 1903 1173 1949 dicit
1193 1904 1237 1948 in
1255 1905 1521 1983 Apocalypsi
1545 1905 1651 1969 Spi-

275 1975 420 2022 ritus:
450 1998 469 2017 «
495 1976 594 2022 Scio
617 1994 735 2039 opel
726 1995 747 2021 1
768 1987 839 2021 tua
855 1986 895 2021 et
914 1975 1109 2021 laborem
1127 1985 1167 2020 et
1186 1975 1465 2038 patientiam,
1488 1988 1530 2022 et
1547 1977 1651 2040 quia

276 2066 298 2086 »
322 2064 409 2091 11011
427 2057 548 2109 potes
573 2048 777 2092 sustinele
798 2046 933 2091 malos
949 2082 960 2101 ,
981 2056 1022 2090 et
1055 2045 1222 2090 tentasti
1247 2062 1317 2090 005
1334 2046 1409 2108 qui
1432 2063 1472 2091 se
1496 2046 1652 2092 dicunt

278 2136 300 2157 »
325 2117 552 2193 Apostolos
572 2135 681 2174 esse,
701 2128 743 2162 et
760 2135 847 2162 non
875 2127 1002 2171 5111·,11;
1030 2127 1070 2161 et
1092 2116 1291 2162 invenisti
1307 2133 1376 2161 005
1398 2117 1648 2173 mendaces,

280 2206 302 2226 >³
326 2197 367 2231 et
390 2186 645 2248 patientiam
678 2187 840 2236 1111105
869 2197 909 2231 et
934 2166 1170 2231 sustinuisti
1195 2203 1264 2231 eos
1287 2198 1469 2250 propter
1494 2203 1651 2233 nomen

280 2276 301 2297 >2
327 2273 468 2301 meum
486 2293 497 2312 ,
513 2267 554 2301 et
574 2274 662 2301 non
675 2256 913 2302 defecisti?
941 2278 960 2297 ›>
985 2257 1133 2302 Sicilli
1149 2256 1397 2314 laudentur,
1420 2257 1551 2320 quiin
1570 2258 1651 2303 ista

278 2327 367 2371 vita
391 2327 614 2373 Caeciliani
638 2337 832 2390 tempore
854 2326 1054 2383 fuerunt,
1077 2328 1153 2389 qui
1174 2338 1356 2390 propter
1379 2345 1534 2373 nomen
1556 2330 1650 2374 Do-

277 2396 410 2452 mini,
429 2396 548 2459 quod
572 2396 682 2442 sicut
708 2407 975 2455 unguentum
1000 2398 1181 2441 effusum
1206 2415 1284 2460 per
1315 2398 1651 2444 innumerabiles

277 2478 421 2526 gentes
441 2477 527 2511 toto
542 2469 632 2524 jam
649 2468 753 2512 orbe
770 2467 1019 2526 fragrabat,
1044 2485 1131 2513 11011
1147 2467 1378 2514 delicerent
1390 2505 1401 2525 ,
1424 2469 1648 2532 patientis-

324 2534 333 2556 ¹
354 2533 452 2576 Epist.
470 2532 507 2565 ad
528 2533 659 2565 Maxim.
676 2551 719 2556 -—
736 2532 750 2555 ²
768 2535 870 2577 Apoc.
892 2545 932 2576 11,
958 2546 987 2565 9..
