1763 2838
256 163 310 191 DE
349 159 524 191 NATURA
560 159 613 189 Er
649 158 830 201 GRAT1A,
869 160 1044 190 CONTRA
1082 161 1319 192 PBLAGNJM.
1394 148 1486 210 495

120 226 281 289 pientia
296 243 396 289 quae
424 226 614 285 linguam
641 225 818 279 domat,
848 224 1072 270 desursum
1091 225 1376 282 descendens,
1402 244 1491 273 non

120 295 175 342 ab
198 297 391 342 humano
416 295 544 341 corde
563 296 802 358 prosiliens.
826 297 946 340 Anet
964 296 1088 341 istam
1109 297 1338 360 quisquam
1364 297 1490 343 abro-

118 383 217 426 gare
242 367 372 412 audet
395 367 544 426 gratiae
570 367 673 422 Dei,
701 377 742 412 et
765 383 856 412 eam
871 367 1175 428 superbissima
1199 368 1388 413 vanitate
1405 385 1491 430 po-

116 436 182 481 nit
198 436 242 481 in
270 436 460 481 hominis
485 438 720 499 potestate?
747 440 837 480 Cur
860 452 958 494 ergo
984 446 1130 481 oratur
1154 447 1202 481 ut
1227 437 1484 499 accipiatur,

116 505 150 551 si
174 506 230 550 ab
258 507 437 552 homine
457 517 517 551 est
539 517 586 551 ut
608 506 853 550 habeatur?
877 507 943 550 An
968 515 1008 549 et
1035 506 1141 551 huic
1168 507 1352 552 orationi
1378 523 1488 552 con-

115 576 363 633 tradicitur,
386 594 438 622 ne
455 577 531 623 fiat
545 577 703 636 injuria
720 575 859 621 libero
877 575 1058 621 arbitrio
1070 613 1080 632 ‚
1096 577 1216 640 quod
1235 577 1316 622 sihi
1331 577 1490 622 sufficit

112 647 397 708 possibilitate
427 657 595 692 naturae
617 646 669 691 ad
689 645 913 708 implenda
942 646 1086 691 omnia
1106 658 1327 710 praecepta
1352 647 1488 707 justi-

117 717 220 762 tite?
249 717 585 764 Contradieatur
602 734 702 777 ergo
727 716 865 762 eidem
890 717 972 779 ipsi
998 718 1195 780 apostolo
1213 719 1378 763 Jacobo
1403 717 1486 763 ad-

113 788 306 833 monenti
325 799 366 833 et
389 787 550 834 dicenti
576 805 586 831 :
620 809 639 828 (ι
664 788 708 832 Si
731 788 826 850 quis
856 797 998 832 autem
1023 798 1212 834 vestrum
1231 787 1395 847 indiget
1417 804 1488 832 sa-

112 878 132 899 »
150 858 313 920 pientia
328 896 339 915 ‚
364 858 554 921 postulet
575 876 597 903 a
623 862 715 903 Deo
732 893 742 913 ,
774 858 851 921 qui
871 858 944 903 dat
964 859 1168 904 omnibus
1188 859 1423 913 affluenter,
1446 869 1488 905 et

112 949 132 969 ι)
156 946 244 974 non
281 929 555 992 improperat
572 966 583 985 ,
613 939 654 974 et
680 929 860 974 dabitur
885 928 947 974 ei‘l
969 946 980 974 t
1004 929 1234 993 »postulet
1266 940 1409 975 autem
1439 929 1486 974 in

109 997 197 1043 fide
233 998 344 1044 nihil
380 999 602 1045 haesitans.
633 1000 740 1044 Haee
766 1010 828 1044 est
862 999 994 1055 fides,
1023 999 1075 1045 ad
1103 1017 1236 1063 quam
1262 1009 1486 1063 praecepta

109 1071 408 1134 compellunt,
437 1082 481 1117 ut
505 1072 568 1117 lex
590 1072 800 1135 imperet,
828 1083 868 1118 et
902 1072 1006 1118 fides
1035 1073 1249 1135 impetret.
1288 1074 1371 1118 Per
1395 1073 1486 1119 lin-

107 1157 239 1200 guam
268 1142 381 1187 enim
399 1179 410 1199 ,
433 1159 565 1206 quam
591 1142 736 1187 nullus
761 1142 990 1189 hominum
1017 1142 1194 1188 domare
1217 1153 1382 1206 potest,
1410 1143 1482 1189 sed

107 1212 317 1274 sapientia
351 1211 576 1259 desursum
619 1212 879 1258 descendens
898 1251 908 1269 ‚
952 1214 996 1259 in
1035 1213 1182 1258 multis
1223 1213 1482 1260 offendimus

106 1297 267 1328 omnes.
302 1283 399 1327 Non
423 1283 537 1327 enim
561 1293 602 1327 et
625 1283 711 1327 hoe
738 1283 814 1328 iste
848 1283 1079 1345 Apostolus
1102 1283 1186 1328 alio
1212 1284 1342 1329 modo
1371 1302 1481 1347 pro-

104 1353 350 1408 nuntiavit,
377 1353 489 1398 sicut
511 1352 620 1398 illud
640 1353 759 1416 quod
782 1353 840 1398 ait
861 1371 871 1398 ε
899 1353 1150 1412 «Linguam
1169 1354 1314 1400 nullus
1333 1354 1481 1401 homi-

104 1441 126 1464 »
149 1439 255 1468 num
277 1422 452 1468 domare
469 1423 654 1485 potest?
681 1445 701 1464 2>

167 1493 332 1539 XVIII.
376 1495 469 1538 Nee
503 1492 612 1538 illud
636 1493 866 1556 quisquam
899 1493 989 1538 istis
1018 1510 1100 1556 pro
1131 1493 1480 1557 impossibilitate

103 1578 192 1607 non
210 1561 423 1625 peccandi
443 1562 640 1608 similiter
659 1562 888 1620 objecerit,
913 1563 1031 1625 qnod
1054 1563 1222 1609 dietum
1237 1574 1298 1609 est
1320 1581 1331 1608 ε
1355 1584 1375 1604 «
1395 1564 1478 1609 Sa-

105 1653 124 1675 »
145 1631 308 1695 pientia
334 1632 475 1677 carnis
491 1632 665 1677 inimica
688 1642 749 1677 est
772 1632 817 1677 in
842 1633 981 1678 Deum
1013 1651 1023 1677 ι
1051 1633 1132 1693 legi
1148 1634 1264 1679 enim
1286 1634 1362 1680 Dei
1388 1651 1477 1680 non

102 1722 122 1751 >2
144 1713 207 1748 est
223 1702 420 1761 subjecta
438 1739 448 1759 ,
471 1719 548 1748 nec
566 1702 679 1748 enim
704 1712 858 1765 potest.
886 1703 974 1758 Qui
993 1714 1134 1749 autem
1151 1704 1195 1749 in
1212 1721 1338 1750 carne
1356 1716 1474 1761 sunt,

101 1793 122 1814 >2
142 1774 232 1818 Deo
262 1773 432 1835 plaeere
452 1790 538 1818 non
565 1772 787 1835 possunt3.
818 1793 837 1812 n
862 1773 1126 1835 Sapientiam
1145 1774 1312 1836 quippe
1337 1775 1478 1820 carnis

102 1843 235 1900 dixit,
270 1861 359 1888 non
397 1843 652 1906 sapientiam
695 1842 920 1888 desursum
957 1842 1287 1889 descendentem
1316 1861 1326 1888 z
1355 1854 1395 1889 et
1431 1844 1476 1890 in

100 1931 230 1960 earne
253 1931 363 1970 esse,
390 1931 477 1960 non
503 1931 573 1959 eos
592 1914 669 1976 qui
692 1913 887 1958 nondum
903 1913 956 1958 de
970 1931 1151 1976 corpore
1166 1914 1381 1971 exierunt,
1404 1914 1477 1960 sed

98 2001 169 2030 eos
188 1986 264 2047 qui
284 1983 522 2029 secundum
546 2000 717 2028 carnem
737 1984 891 2028 vivunt
910 2019 920 2038 ,
946 1983 1209 2042 significatos
1225 2000 1310 2028 esse
1334 1985 1479 2030 mani-2

99 2054 257 2101 festum
284 2064 358 2100 est.
384 2055 480 2099 Non
501 2064 642 2098 autem
656 2053 720 2098 ibi
739 2064 800 2098 est
819 2053 1002 2115 quaestio
1018 2070 1117 2116 quae
1133 2064 1340 2100 versatur,
1362 2053 1480 2100 Illud

98 2135 160 2170 est
185 2123 305 2188 quod
336 2134 513 2186 expecto
540 2123 593 2168 ab
627 2122 708 2168 isto
742 2122 914 2179 audire,
943 2123 976 2168 si
1004 2123 1166 2185 possim
1183 2160 1194 2179 ‚
1223 2140 1293 2168 eos
1315 2123 1392 2186 qui
1417 2140 1478 2170 se-

99 2194 294 2240 cundum
310 2193 511 2256 spiritum
525 2192 680 2238 vivunt
699 2229 709 2248 ‚
733 2203 774 2237 et
798 2193 855 2237 ob
882 2192 965 2238 hoe
995 2192 1123 2237 etiam
1143 2192 1218 2237 hic
1236 2192 1384 2238 adhuc
1408 2193 1478 2240 vi-

96 2275 242 2311 ventes
257 2269 348 2324 jam
365 2262 556 2326 quodam
572 2262 703 2308 modo
721 2263 767 2308 in
782 2279 911 2308 carne
929 2279 1017 2308 non
1031 2273 1131 2309 sunt
1148 2300 1159 2319 ‚
1178 2273 1322 2308 utrum
1343 2264 1480 2323 gratia

98 2335 177 2385 Dei
201 2335 350 2381 vivant
385 2332 623 2378 secundum
653 2333 878 2395 spiritu1n3
916 2351 970 2377 an
1005 2333 1087 2378 sibi
1116 2332 1358 2389 sufficiant,
1389 2337 1481 2393 jam

102 2405 205 2451 data
225 2422 326 2451 cum
347 2414 551 2450 creantur
584 2404 870 2467 possibilitate
901 2414 1097 2463 naturae,
1128 2414 1169 2449 et
1200 2420 1275 2451 sua
1300 2405 1482 2468 propria

143 2488 154 2511 ¹
173 2488 289 2522 Jacob.
315 2498 344 2527 x,
363 2489 395 2520 5.
411 2485 483 2510 -2
497 2486 615 2526 Id.111‚
639 2499 670 2520 2.
688 2505 728 2511 —
745 2484 760 2509 3
775 2489 871 2519 Rom.
886 2493 958 2526 vni,
982 2498 1012 2527 7.
