1763 2838
340 227 396 256 AD
434 224 706 256 DONATISTAS
744 227 852 257 POST
887 227 1213 259 COLLATioNEM.
1418 231 1479 276 99

102 307 231 336 631153
254 307 413 347 causae,
442 307 521 336 nec
546 308 727 354 persona
747 310 940 356 personae
958 293 1232 356 praejudicat.
1255 315 1276 335 ›>
1301 294 1392 354 Ego
1416 294 1481 339 in-

102 372 165 407 ter
186 362 363 425 spiritus
392 362 494 407 olim
516 362 877 425 requiescentium
913 365 1047 410 recito
1083 365 1370 411 Caecilianum
1391 402 1402 421 ,
1430 376 1482 411 'tu

102 431 249 478 adhue
273 432 391 478 vides
424 443 465 478 et
499 443 643 478 tecum
672 434 808 481 habes
847 436 892 480 in
929 453 1111 498 corpore
1143 435 1433 491 Felieianum,
1458 455 1480 482 a

100 519 190 565 quo
210 502 440 549 damnatus
463 514 524 549 est
549 504 808 552 Primianus.
829 506 880 551 In
898 505 991 569 ipsa
1016 506 1225 552 Primiani
1249 523 1376 553 causa
1396 508 1479 553 Fe-

100 573 307 619 lieianum
333 574 563 630 damnasti,
583 586 624 620 et
646 593 745 621 eum
773 586 919 639 postea
944 577 1056 622 sieut
1080 587 1197 633 erat,
1225 577 1481 641 episcopum

101 644 326 690 Primiano
345 645 514 709 tibique
531 646 715 693 sociasti.
743 648 787 692 Si
801 658 969 693 tantum
990 647 1104 693 valet
1123 648 1242 710 quod
1263 666 1341 694 nee
1354 666 1484 695 631153

102 731 245 760 causae
259 715 541 778 praejudieat‚
560 733 638 762 nee
660 734 839 780 persona
861 735 1071 781 personae,
1093 728 1142 763 ut
1168 718 1248 763 tibi
1273 735 1360 764 non
1378 736 1487 782 pras:—

96 784 266 844 judicet
284 785 416 831 hodie
442 796 588 832 tecum
615 788 798 833 viventis
828 788 1082 833 communio
1106 788 1312 834 Felieiani
1330 826 1340 845 ‚
1376 789 1488 835 mihi

100 856 325 919 quomodo
339 857 715 920 praejudicatolim
733 858 927 904 defuncti
942 859 1150 905 memoria
1184 860 1410 905 Caeciliani
1431 863 1449 906 Ξ)

167 927 242 973 Vl.
270 926 391 983 Quid
422 927 478 972 ad
500 929 579 973 ista
603 929 888 992 respondent,
916 931 993 993 qui
1013 930 1137 976 vobis
1156 929 1488 990 adhucjactant

102 998 263 1054 inania,
291 1008 330 1043 et
347 1016 437 1045 51116
455 999 601 1055 saluti,
630 1001 663 1045 si
685 1017 771 1045 non
792 1018 833 1046 se
850 1002 1128 1057 correxerint,
1149 1001 1350 1046 nocitura
1370 1019 1490 1047 men-

103 1066 263 1114 dacia?
299 1070 418 1126 Quid
453 1069 601 1115 adbuc
630 1070 786 1116 dieunt
816 1088 892 1116 nos
913 1071 1108 1130 judicem
1136 1072 1381 1134 corrupisse
1402 1109 1412 1129 ,
1441 1083 1490 1118 ut

103 1157 186 1202 pro
212 1140 340 1186 nobis
367 1142 575 1187 sententia
600 1142 898 1205 proferretur?
925 1142 1154 1205 Numquid
1178 1153 1219 1186 et
1245 1143 1353 1187 tanti
1371 1143 1491 1206 apud

104 1226 180 1254 vos
197 1210 371 1256 meriti1
405 1212 662 1275 episcopum
688 1212 1071 1275 pmeelarissimum
1096 1212 1362 1258 defensorem
1388 1230 1491 1259 eor-

103 1280 304 1342 rupimus
324 1318 335 1337 ,
361 1291 408 1326 ut
431 1299 512 1344 pro
534 1282 659 1326 nobis
688 1282 786 1328 talia
810 1282 1057 1347 loqueretur
1076 1286 1094 1327 Ῥ
1121 1283 1218 1328 Hoc
1236 1283 1351 1328 enim
1387 1301 1491 1344 age-

103 1350 261 1397 bamus
295 1352 500 1397 omnibus
520 1353 688 1399 viribus
707 1391 716 1403 ,
744 1353 830 1399 boe
861 1354 1155 1410 instabamus,
1188 1367 1236 1398 ut
1267 1354 1493 1401 (Iaeeiliani

105 1438 235 1467 causa
259 1433 388 1486 atque
404 1440 606 1486 persona,
628 1424 1042 1488 qualiscumqueille.
1060 1424 1191 1470 suerit
1209 1462 1218 1479 ‚
1244 1425 1297 1470 ad
1315 1443 1491 1472 eausam

105 1504 147 1539 et
172 1511 399 1558 personam
433 1495 637 1541 Ecclesiae
657 1534 666 1546 ,
694 1514 826 1560 quam
857 1498 967 1542 Deus
990 1497 1076 1542 suis
1099 1497 1258 1542 sanetis
1291 1499 1489 1543 testimo—

106 1565 188 1610 niis
212 1565 453 1621 roboravit,
474 1583 563 1611 non
584 1568 798 1630 pertinere
814 1568 1123 1613 ostenderetur.
1144 1568 1240 1612 Hoe
1257 1569 1491 1628 agebamus

106 1635 234 1681 etiam
273 1636 637 1683 similitudinibus
681 1638 978 1697 Evangelicis,
1018 1643 1065 1685 ut
1098 1654 1227 1682 eausa
1248 1648 1289 1682 et
1307 1656 1492 1701 persona

106 1707 371 1752 zizaniorum
395 1725 485 1753 non
519 1708 827 1771 praejudiearet
857 1725 1000 1753 eausae
1031 1719 1072 1753 et
1097 1725 1292 1771 persona}
1326 1710 1489 1767 tritici,

107 1778 306 1841 quamvis
328 1778 372 1823 in
405 1778 555 1824 eodem
579 1797 679 1839 agro
717 1779 866 1825 eadem
902 1779 1054 1842 pluvia
1088 1779 1216 1824 simul
1253 1792 1493 1827 crescerent

108 1865 243 1912 usque
273 1848 326 1894 ad
350 1867 526 1895 messem
549 1888 559 1906 ,
596 1850 775 1914 quando
801 1850 988 1913 separari
1015 1860 1234 1913 oporteret
1257 1869 1266 1895 :
1294 1862 1341 1896 ut
1361 1869 1490 1898 eausa

107 1931 150 1965 et
180 1937 364 1983 persona
396 1921 533 1984 paleae
565 1939 651 1967 non
688 1921 999 1985 praejudicaret
1023 1938 1221 1984 personae
1252 1922 1487 1980 frumenti,

107 1992 306 2054 quamvis
324 1992 369 2037 in
394 1993 542 2038 eadem
580 2011 674 2039 area
713 1993 841 2038 simul
866 1993 1170 2038 triturarentur
1190 2031 1200 2042 ,
1245 1993 1384 2040 donee
1411 2013 1490 2041 no-

109 2061 282 2106 vissima
313 2063 592 2108 ventilatione
630 2074 934 2127 separarentur
976 2082 985 2108 :
1021 2074 1068 2109 ut
1089 2081 1219 2109 eausa
1247 2075 1286 2109 et
1308 2081 1491 2127 persona

108 2130 349 2177 hoedorum
383 2150 471 2178 non
502 2134 812 2196 preejudiearet
842 2149 983 2179 causae
1014 2144 1054 2178 et
1079 2151 1275 2196 personze
1311 2135 1456 2181 ovium
1477 2173 1488 2190 ‚

109 2202 306 2266 quamvis
344 2204 653 2248 communibus
685 2204 856 2267 pascuis
889 2214 1072 2266 utraque
1114 2220 1272 2266 pecora
1303 2208 1492 2268 permix-

112 2283 154 2318 ta
192 2282 416 2318 serventur
434 2309 445 2328 ,
488 2273 626 2318 donee
658 2293 678 2319 a
704 2285 874 2336 pastore
905 2289 1074 2318 summo
1098 2310 1106 2329 ‚
1135 2273 1177 2318 in
1214 2273 1384 2333 judicio
1410 2293 1493 2322 no·-

110 2342 306 2399 vissimo,
336 2342 408 2388 alii
435 2342 489 2388 ad
515 2343 748 2400 sinistram,
778 2344 848 2389 alii
875 2343 927 2388 ad
953 2342 1169 2388 dexteram
1196 2357 1488 2405 segregentur:

111 2430 160 2465 ut
188 2436 316 2465 631153
339 2430 381 2465 et
406 2437 588 2483 persona
623 2422 808 2484 piscium
835 2420 1049 2465 malorum
1075 2438 1161 2466 non
1186 2423 1494 2484 praejudicaret

112 2507 254 2537 causae
279 2501 319 2536 et
342 2508 538 2554 personae
563 2492 752 2554 piscium
777 2493 993 2539 bonorum
1014 2527 1026 2547 ,
1051 2493 1249 2554 quamvis
1276 2493 1390 2542 intra
1420 2515 1494 2544 ea—

164 2579 174 2601 ¹
197 2577 342 2610 Indicare
362 2577 490 2610 videtur
508 2577 694 2611 Emeritum.

1315 2648 1357 2696 7·
