1763 2838
227 207 372 240 SERMO
410 206 466 237 AD
501 204 808 238 GIESAREENSIS
844 207 1062 239 ECCOESIAE
1101 209 1287 242 PLEBEM.
1389 198 1475 261 150

94 274 385 321 omnishomo
401 284 597 322 creatura
614 274 694 320 Dei
712 285 787 322 est.
816 275 898 321 Dei
914 286 976 321 est
992 275 1115 339 quod
1132 275 1300 323 habent
1316 295 1475 325 nomen

101 345 243 391 Patris
261 355 304 391 et
329 343 428 390 Filii
455 354 497 390 et
518 344 707 408 Spiritus
731 346 869 392 saneti
897 364 907 390 ι
938 346 1186 409 baptismus
1217 348 1442 395 Trinitatis
1460 388 1472 408 ‚

95 417 177 462 Dei
204 426 266 462 est
290 434 301 462 ι
329 415 409 462 Dei
432 426 494 462 est
513 417 799 477 Evangelium
821 416 944 483 quod
964 417 1132 464 habent
1146 455 1158 476 ,
1190 419 1268 466 Dei
1287 431 1349 466 est
1368 421 1475 467 fides

94 505 228 552 quam
255 488 438 535 habent.

161 561 245 607 ΙΙΙ.
279 564 334 605 Et
352 559 461 623 quid
493 577 580 605 non
602 560 770 606 habent
789 598 799 616 ‚
837 561 897 606 ait
927 561 1037 606 mihi
1066 561 1243 624 aliquis,
1273 563 1350 626 qui
1378 564 1476 610 hafe

95 631 293 677 habent?
332 631 401 676 Tu
435 630 578 677 dicis:
621 631 798 677 Habent
829 631 1098 695 baptismum
1124 633 1303 680 Christi.
1346 635 1468 682 Dico.

94 703 165 747 Tu
183 701 293 747 dicis
316 718 326 746 :
354 701 530 747 Habent
551 701 682 746 fidem
708 701 888 748 Christi.
922 703 1050 749 Dico.
1079 702 1124 748 Si
1146 720 1246 763 ergo
1263 703 1363 749 haec
1391 705 1475 751 ha-

94 773 200 818 bent
219 810 230 829 ,
259 771 369 836 quid
404 789 492 817 non
518 771 720 818 habent?
759 772 879 829 Quid
911 783 973 818 est
1003 773 1278 836 baptismus?
1319 775 1477 821 Sacra-

95 859 306 891 mentum.
353 843 470 890 Audi
509 843 769 907 Apostolum
801 861 811 888 :
850 865 870 885 «
897 844 943 889 Si
982 844 1117 890 501010
1149 844 1296 890 onmia
1331 863 1478 892 saera-

95 938 116 960 »
135 926 294 962 menta.
321 937 340 957 »
384 914 574 960 Multum
615 924 677 960 est
694 951 704 971 ,
743 914 853 960 seire
886 915 1032 960 onmia
1072 915 1151 961 Dei
1188 928 1470 964 sacramenta.

95 988 463 1049 Quantaeumque
481 985 666 1031 sciamus
687 997 981 1041 sacramenta,
1005 986 1102 1049 quis
1127 988 1249 1032 novit
1280 988 1361 1033 Dei
1385 1006 1477 1034 om-

94 1060 166 1106 nia
190 1061 490 1105 sacramenta?
517 1057 638 1114 Quid
671 1058 730 1102 ait
762 1057 996 1121 Apostolus
1015 1062 1032 1103 ζ)
1060 1079 1079 1099 κ
1100 1058 1145 1103 Si
1176 1059 1310 1105 sciero
1333 1061 1478 1106 onmia

96 1153 117 1174 »
136 1141 402 1177 sacramenta
419 1166 429 1185 ‚
480 1128 514 1174 si
556 1128 744 1173 habeam
783 1146 957 1174 omnem
1006 1129 1301 1192 prophetiam.
1354 1131 1478 1176 Adde

96 1202 310 1253 »adhuc,
339 1213 381 1247 et
414 1217 587 1246 omnem
610 1199 833 1245 scientiam
847 1199 879 1247 ¹1.
907 1222 926 1242 »
965 1200 1048 1245 Sed
1083 1200 1136 1245 de
1169 1200 1252 1246 fide
1291 1201 1469 1248 dixeras,

98 1273 216 1321 Audi
235 1273 382 1319 adhue
407 1290 418 1317 z
446 1293 465 1313 α
492 1272 538 1316 Si
564 1270 754 1316 habeam
779 1287 948 1317 omnem
980 1270 1125 1318 fidem.
1153 1292 1172 1313 n
1209 1271 1394 1319 Difficile
1414 1283 1476 1318 est

94 1345 259 1390 habere
283 1361 455 1390 omnem
479 1342 607 1389 fidem
626 1378 636 1397 ‚
659 1341 882 1405 quomodo
905 1341 1083 1387 difficile
1108 1353 1169 1388 est
1187 1360 1307 1388 nosse
1331 1345 1478 1389 omnia

95 1425 376 1462 sacramenta.
416 1416 472 1460 Et
500 1412 610 1477 quid
639 1412 844 1477 estquod
877 1411 1009 1469 dicit,
1048 1416 1252 1460 omnem?
1293 1436 1312 1455 c<
1337 1416 1403 1460 Ita
1430 1425 1478 1460 ut

97 1497 302 1533 »montes
335 1485 613 1539 transferam3
650 1484 911 1529 charitatem
949 1494 1089 1530 autem
1131 1502 1217 1530 non
1255 1484 1440 1531 habeam
1462 1523 1474 1542 ,

97 1580 117 1601 »
135 1558 248 1604 nihil
270 1574 381 1604 sum.
408 1579 428 1598 ›>
460 1555 676 1601 Intendite
693 1593 703 1610 ‚
740 1554 920 1613 fratres,
954 1555 1166 1601 intendite
1197 1556 1377 1602 obsecro
1401 1574 1476 1603 vos

96 1628 293 1694 Apostoli
314 1644 464 1675 vocem
480 1664 490 1682 ,
512 1637 555 1672 et
571 1626 713 1672 videte
735 1643 869 1688 quare
893 1642 993 1671 eum
1023 1627 1152 1672 tantis
1181 1627 1408 1673 laboribus
1434 1637 1475 1672 et

95 1700 302 1765 periculis
329 1699 480 1745 fratres
504 1708 671 1743 nostros
700 1714 962 1760 qua-ramus.
997 1697 1202 1744 (Vlliaritas
1226 1715 1294 1743 eos
1318 1700 1475 1761 qua‘rit

96 1773 150 1818 de
165 1772 375 1818 cordibus
392 1770 560 1816 nostris,
591 1791 611 1810 «
634 1770 820 1831 Propter
834 1767 987 1813 fratres
1007 1785 1121 1813 meos
1139 1779 1180 1813 et
1203 1770 1474 1832 propinquos

98 1866 118 1886 ))
136 1861 253 1890 meos
270 1881 280 1899 ‚
307 1843 415 1889 dicit
434 1841 630 1887 Psalmus
649 1878 660 1896 ,
688 1840 901 1903 loquebar
922 1857 1078 1903 pacem
1103 1840 1157 1886 de
1182 1851 1245 1895 te,
1274 1841 1475 1888 111150110-

98 1937 119 1958 »
141 1926 230 1961 tam
263 1913 501 1960 Jerusalem
528 1912 754 1976 loquens2.
783 1933 800 1952 o
838 1910 989 1957 Videte
1020 1928 1144 1970 ergo,
1181 1911 1333 1956 iratres
1363 1914 1472 1969 mei,

97 1987 206 2052 quid
230 1986 336 2032 dixit
365 1984 601 2048 Apostolus
625 2001 634 2027 ε
667 2004 686 2023 «
707 1982 751 2027 Si
776 1982 975 2027 habuero
1004 1982 1149 2027 omnia
1174 1995 1439 2028 sacramenta
1460 2021 1470 2039 ,

99 2081 118 2101 n
138 2075 309 2105 0111110111
328 2056 569 2110 seientiam,
591 2053 890 2118 prophetiam,
910 2052 1055 2099 fidem.
1077 2073 1096 2093 n
1116 2052 1299 2109 Qualem
1314 2053 1473 2099 fidem?

100 2152 119 2173 z<
140 2133 207 2176 Ita
231 2140 281 2175 ut
310 2139 476 2175 montes
496 2126 778 2178 transferam3
813 2124 1071 2171 charitatem
1105 2135 1245 2169 autem
1275 2141 1363 2169 non
1391 2125 1476 2170 ha—

99 2223 120 2244 »
138 2202 265 2246 beam
283 2237 294 2258 ,
318 2198 433 2245 nihil
456 2214 565 2243 sum.
592 2218 611 2237 >³
642 2196 738 2240 Dion
766 2194 898 2252 dixit,
924 2194 997 2240 illa
1027 2194 1174 2240 onmia
1197 2194 1310 2240 nihil
1333 2206 1433 2241 sunt
1459 2215 1469 2241 ε

100 2272 172 2319 sed
195 2272 230 2317 si
263 2270 521 2316 charitatem
557 2283 645 2312 non
682 2266 868 2311 habeam
889 2303 899 2322 ,
928 2264 1042 2310 nihil
1076 2282 1187 2311 sum.
1223 2265 1333 2321 Quis
1361 2267 1475 2312 enim

101 2343 276 2389 demens
298 2341 481 2395 diceret,
503 2337 616 2383 nihil
633 2347 732 2383 sunt
752 2336 833 2381 Dei
851 2339 1151 2382 sacramenta?
1175 2336 1285 2392 Quis
1303 2336 1477 2384 demens

101 2414 291 2469 diceret,
322 2411 435 2457 nihil
458 2420 519 2455 est
543 2408 778 2473 prophetia
794 2445 804 2464 ‚
830 2407 941 2453 nihil
961 2407 1163 2463 scientia,
1193 2406 1307 2453 nihil
1337 2408 1472 2455 fides?

102 2486 200 2531 Non
223 2483 297 2530 illa
315 2481 427 2528 nihil
446 2491 569 2535 sunt;
595 2479 668 2527 sed
691 2496 794 2526 cum
817 2479 891 2526 illa
912 2496 1068 2540 magna
1093 2479 1200 2536 sint,
1222 2495 1298 2539 ego
1322 2496 1476 2541 magna

151 2570 161 2592 1
188 2580 199 2599 1
219 2569 294 2602 Cor.
316 2578 391 2609 xm,
411 2577 443 2600 2.
464 2562 535 2590 ..2
553 2564 633 2598 Psal.
654 2564 804 2606 cxxi173.
