1763 2838
240 237 383 269 SERMO
420 237 477 269 AD
515 236 820 270 CAESAREENSIS
856 235 1074 268 ECCLESIAE
1111 237 1297 270 PLEBEM.
1396 219 1483 270 163

106 316 169 353 est
191 304 263 351 illa
290 316 402 351 terra
425 321 523 368 quae
549 305 649 351 data
674 315 735 351 est
756 304 855 350 siliis
876 303 1031 351 Jacob.
1073 303 1191 350 Filiis
1218 304 1354 350 Israel
1385 304 1486 353 data

107 387 168 422 est
189 387 300 422 terra
323 393 332 420 :
356 387 520 439 quanto
547 394 567 421 a
592 375 793 440 pluribus
818 373 1139 439 possidebatur,
1162 386 1282 421 tanto
1298 374 1396 439 plus
1414 393 1487 427 an-

107 448 377 507 gustabatur.
411 447 652 493 Haereditas
668 459 811 493 nostra
835 464 917 512 pax
937 458 1134 493 vocatur.
1162 447 1488 494 Testamentum

106 517 234 578 lego:
262 540 280 559 α
311 520 467 563 Pacem
494 536 631 564 meam
662 518 718 563 do
741 518 863 563 vobis
881 555 890 571 ,
927 535 1080 580 pacem
1112 535 1246 563 meam
1290 518 1488 581 relinquo

107 610 128 630 >³
152 590 277 634 vobis
290 589 322 636 1.
345 610 364 629 »
391 590 530 635 Simul
551 601 770 635 teneamus
786 627 796 643 ,
815 589 933 652 quod
955 588 1091 638 dividi
1112 606 1199 633 non
1217 600 1371 657 potest.
1391 590 1492 636 Non

108 675 201 704 eam
226 670 426 718 angustat
445 677 697 706 numerosus
718 676 933 723 possessor
955 676 964 704 :
989 659 1336 727 quanticumque
1361 676 1493 708 vene-

109 729 223 785 rint,
259 729 370 774 sicut
410 731 673 792 promissum
711 741 803 775 est:
827 752 845 771 α
875 730 945 775 Sic
970 730 1051 774 erit
1074 746 1218 774 semen
1253 741 1372 775 tuum
1401 740 1494 776 tan-

110 821 131 841 »
156 817 287 862 quam
311 799 445 845 stellae
465 800 567 845 coeli
586 838 594 854 2
615 811 655 846 et
669 800 781 846 sicut
803 818 929 845 arena
951 817 1049 863 quae
1065 810 1126 845 est
1145 799 1196 845 ad
1217 799 1385 845 labium
1405 817 1495 846 ma-

111 892 133 913 »
161 872 232 917 ris.
250 873 301 915 In
313 871 470 916 semine
484 882 559 916 tuo
578 871 891 917 benedicentur
904 889 1051 916 omnes
1068 871 1257 931 gentes2.
1280 872 1351 928 lit,
1372 871 1492 929 Vidi,

111 963 131 984 ›>
157 942 301 1005 inquit
320 943 364 987 in
390 942 657 1011 Apocalypsi
676 943 862 999 ‚multos
885 943 928 988 in
953 942 1070 987 stolis
1096 941 1204 987 albis
1222 980 1232 997 ,
1259 952 1301 987 et
1320 943 1497 988 haben-

112 1034 132 1055 »
160 1023 220 1058 tes
244 1013 433 1077 palmas,
461 1030 570 1077 quos
602 1031 828 1060 numerare.
861 1031 987 1058 nemo
1022 1023 1187 1077 potest,
1211 1013 1428 1060 venientes
1450 1031 1498 1059 ex

114 1107 134 1127 »
165 1085 371 1129 omnibus
411 1085 655 1144 gentihus&
684 1108 704 1127 ³>
736 1085 945 1139 Veniant,
990 1102 1142 1149 pacem
1178 1094 1350 1130 teneant
1381 1103 1391 1131 :
1417 1103 1498 1143 an-

114 1165 235 1215 gusta
257 1171 344 1200 non
367 1154 446 1199 sitl·
466 1166 610 1200 nostra
642 1156 862 1218 possessio.
898 1155 1128 1215 Angustias
1154 1171 1238 1199 non
1266 1154 1395 1211 facit,
1419 1155 1500 1202 nisi

113 1227 202 1272 sola
217 1226 437 1272 dissensio.
472 1227 584 1271 Ecce
607 1265 616 1283 ‚
641 1226 792 1273 fratres
816 1227 897 1271 mei
915 1264 924 1282 ,
943 1237 991 1272 ut
1010 1226 1225 1287 angustias
1250 1226 1398 1278 adhuc
1416 1246 1499 1293 pa-

115 1297 290 1353 namur,
321 1296 525 1342 dissensio
540 1297 801 1343 facitfratris
827 1298 993 1348 nostri:
1023 1297 1265 1344 consentiat
1290 1298 1334 1343 in
1358 1316 1494 1362 pace,

114 1379 156 1414 et
182 1368 295 1414 facta
320 1378 380 1413 est
411 1367 611 1415 latitudo.

181 1440 257 1486 Vi.
298 1439 382 1484 Sed
405 1439 512 1503 quid
544 1439 775 1493 faciamus,
811 1438 891 1484 nisi
930 1438 1166 1484 fraternam
1199 1438 1497 1494 infirmitatem

115 1511 324 1564 feramus,
351 1520 392 1554 et
422 1527 508 1554 non
537 1509 820 1555 deficiamus?
852 1509 998 1554 Sudor
1032 1510 1108 1555 iste
1139 1526 1257 1555 meus
1280 1510 1498 1566 credimus

116 1580 232 1644 quod
253 1581 333 1625 erit
355 1579 618 1626 fructuosus.
648 1580 861 1625 Dominus
880 1582 993 1624 Deus
1017 1590 1159 1625 noster
1183 1580 1259 1648 qui
1284 1580 1424 1630 voluit
1450 1590 1499 1626 ut

116 1653 360 1698 veniremus
382 1650 435 1695 ad
458 1668 531 1695 vos
547 1688 556 1706 ‚
578 1651 649 1713 qui
665 1651 792 1710 jussit
809 1662 857 1696 ut
881 1667 978 1695 eum
1004 1667 1321 1714 quaereremus,
1338 1651 1415 1725 qui
1437 1649 1499 1697 fe·

117 1723 175 1768 cit
194 1733 243 1768 nt
260 1739 358 1767 eum
394 1721 565 1767 interim
592 1721 702 1766 facie
718 1732 841 1767 tenus
864 1721 1177 1777 inveniremus,
1203 1721 1375 1781 adjutos
1393 1738 1497 1767 ora-

119 1794 309 1839 tionibus
348 1793 497 1837 vestris
533 1792 659 1838 faciet
689 1810 765 1838 nos
800 1793 992 1837 invenire
1023 1809 1097 1837 cor
1129 1795 1245 1852 eius,
1278 1792 1417 1838 laetari
1444 1792 1498 1838 de

118 1864 352 1910 concordia
368 1868 476 1923 ejus,
500 1864 654 1923 gratias
674 1881 795 1923 agere
815 1864 901 1908 Deo
917 1862 970 1907 de
988 1862 1123 1907 salute
1141 1866 1247 1922 ejus,
1263 1879 1394 1928 quam
1408 1879 1498 1911 non

118 1947 260 2000 potest
284 1936 445 1980 habere
464 1935 543 1979 nisi
563 1935 608 1980 in
633 1935 819 1980 Ecclesia
840 1933 1073 1980 catholica.
1109 1935 1239 1979 Extra
1261 1933 1497 1982 Ecclesiam

120 2006 381 2053 catholicam
405 2016 545 2050 totum
572 2016 711 2068 potest
733 2016 894 2068 przeter
922 2003 1118 2050 salutern.
1160 2005 1308 2057 Potest
1334 2004 1499 2049 habere

119 2077 359 2132 honorem,
396 2087 537 2139 potest
574 2076 737 2121 habere
773 2085 1117 2129 sacramentum,
1158 2085 1299 2137 potest
1324 2085 1500 2127 cantare

122 2147 335 2193 Halleluia
356 2184 366 2201 ‚
401 2157 543 2209 potest
566 2145 827 2207 respondere
858 2149 1016 2195 Arnen,
1044 2154 1187 2206 potest
1216 2144 1500 2204 Evangelium

123 2229 286 2273 tenere,
308 2228 447 2281 potest
473 2218 515 2261 in
540 2217 714 2261 nomine
737 2217 879 2261 Patris
899 2226 939 2259 et
963 2214 1056 2272 Filii
1078 2226 1118 2259 et
1145 2214 1333 2278 Spiritus
1362 2217 1501 2263 sancti

123 2290 252 2335 fidem
285 2301 326 2334 et
349 2290 510 2334 habere
530 2299 570 2332 et
592 2287 832 2351 praedicare
859 2304 868 2330 ε
897 2285 966 2330 sed
989 2302 1204 2350 nusquam
1238 2287 1319 2333 nisi
1349 2287 1393 2332 in
1421 2290 1498 2335 Ec-

125 2361 251 2407 clesia
268 2360 484 2406 catholica
503 2359 682 2405 salutem
705 2357 865 2422 poterit
889 2358 1095 2404 invenire.
1124 2358 1366 2408 Transeunt
1389 2361 1507 2409 enim

175 2476 185 2496 ¹
217 2478 316 2508 Joan.
346 2486 414 2519 xiv,
446 2487 501 2516 ²7·
520 2472 596 2498 ——2
617 2477 700 2507 (ien.
732 2485 822 2517 xm,
861 2484 913 2516 17·
943 2489 988 2496 -——
1007 2470 1021 2496 ³
1050 2476 1152 2519 Apoc.
1181 2485 1242 2513 vn,
1262 2486 1294 2516 9.
1314 2493 1356 2501 -
1381 2472 1506 2513 ¹Eorto

127 2539 194 2561 non
217 2528 264 2563 fit.

1273 2615 1339 2645 ll·
