1763 2838
262 252 537 285 BREVICULUS
572 252 865 284 COLLATIONIS
903 252 995 284 CUM
1029 249 1308 285 DONATls'rrs.
1414 254 1468 300 91

101 329 282 374 verunt,
310 318 388 365 ubi
411 318 495 364 sibi
532 318 776 364 asserebant
813 318 999 365 liberum
1037 319 1265 365 arbitrium
1311 319 1367 366 ab
1401 319 1476 366 illo

104 392 371 454 Imperatore
394 407 672 441 concessum,
700 390 744 435 in
778 390 940 455 quibus
978 389 1130 436 litteris
1160 408 1231 436 eos
1266 401 1479 455 tanquam

102 461 308 524 pessimos
345 471 386 506 et
428 460 678 506 christianae
713 461 835 525 pacis
869 459 1069 506 inimicos
1108 461 1308 507 ostendit.
1351 461 1481 516 Quod

103 532 253 594 utique
281 548 368 576 non
391 530 583 584 fecisset,
620 531 653 576 si
685 530 850 594 aliquid
881 528 962 593 pro
990 530 1071 576 illis
1096 541 1248 577 contra
1275 531 1481 576 Caecilia-

103 602 458 661 numJ'udicasset
474 639 484 658 ‚
514 619 615 647 cum
639 600 693 647 ad
715 600 985 646 Comitatum
1022 601 1175 646 missus
1196 613 1301 647 esset
1321 603 1484 662 lugen—

104 672 202 717 tius.
243 673 451 731 Cognitor
481 689 580 732 ergo
610 672 895 717 interlocutus
929 681 989 716 est
1008 708 1018 726 ‚
1062 688 1152 716 11011
1186 689 1312 734 posse
1337 682 1478 731 gesta,

103 759 203 804 quee
224 753 342 787 tanta
361 743 585 788 roboravit
609 743 842 806 antiquitas
860 779 869 796 ‚
891 743 1129 797 removeri,
1162 742 1242 787 nisi
1268 742 1359 787 aliis
1376 760 1483 805 pos-

105 813 336 858 terioribus
369 814 492 873 gestis
516 830 537 858 e
561 814 778 858 contrario
816 813 1016 859 recitatis.
1064 813 1244 857 Dictum
1271 823 1332 857 est
1355 813 1483 857 etiam

107 901 129 928 a
154 884 393 929 Catholicis
409 922 419 940 ,
443 885 578 944 magis
603 884 656 929 ad
681 884 987 929 declarandam
1017 883 1167 929 Felicis
1191 884 1483 929 innocentiam

105 954 315 1017 profuisse
330 992 339 1009 ‚
363 954 483 1018 quod
505 955 655 1000 absens
671 954 811 999 suerat
831 955 1055 1000 absolutus
1075 992 1085 1009 ‚
1108 956 1210 1017 quia
1229 955 1377 1014 gratiae
1398 971 1488 999 sus-

106 1025 222 1087 picio
237 1063 246 1079 ,
272 1025 303 1070 51
322 1043 511 1088 praesens
531 1036 661 1080 esset,
683 1026 830 1088 potius
858 1027 1058 1071 oriretur.

173 1097 337 1143 XLIII.
368 1097 527 1157 Urgere
553 1097 707 1142 deinde
727 1097 939 1156 Cognitor
963 1096 1124 1159 coepit,
1150 1106 1195 1140 ut
1216 1095 1248 1140 si
1271 1112 1355 1159 qua
1379 1112 1486 1158 pos-

111 1166 263 1211 teriora
298 1178 412 1226 gesta
453 1167 692 1212 Donatistae
726 1167 940 1212 haberent
977 1177 1128 1211 contra
1171 1165 1487 1210 absolutionem

111 1236 334 1281 Caeciliani
365 1237 431 1282 vel
456 1237 631 1293 Felicis,
655 1241 746 1296 jam
763 1241 942 1300 jamque
961 1236 1216 1299 proferrent.
1244 1236 1327 1281 llic
1347 1236 1408 1280 illi
1432 1236 1486 1280 ad

110 1323 155 1351 ea
172 1311 377 1369 queejam
408 1307 530 1352 toties
562 1307 757 1353 dixerant
784 1318 825 1352 et
860 1307 1101 1352 Catholicis
1128 1307 1249 1351 toties
1271 1307 1323 1351 ad
1346 1307 1489 1352 omnia

110 1378 473 1440 respondentibus
498 1389 710 1424 transacta
731 1382 822 1438 jam
848 1378 1043 1433 fuerant,
1068 1395 1214 1422 rursus
1232 1378 1355 1441 quasi
1375 1397 1395 1423 a
1415 1394 1489 1422 ca-

111 1448 201 1510 pite
224 1449 362 1494 redire
386 1459 426 1495 et
451 1467 498 1494 ea
523 1450 734 1512 replicare
758 1449 903 1494 conati
924 1460 1036 1495 sunt.
1069 1448 1156 1493 lbi
1178 1466 1279 1494 cum
1306 1449 1490 1493 interlo-

112 1529 238 1563 cutus
254 1529 358 1564 esset
377 1519 586 1579 Cognitor
603 1557 613 1575 ‚
642 1519 877 1564 admonens
896 1530 943 1564 ut
967 1522 1137 1577 eosjam
1160 1520 1325 1580 pigeret
1341 1517 1490 1561 eadem

112 1599 303 1651 repetere
322 1626 332 1644 ‚
358 1606 459 1652 quae
482 1600 657 1652 peracta
680 1600 720 1634 et
751 1600 966 1634 transacta
984 1593 1073 1647 jain
1094 1588 1291 1641 fuerant,
1314 1599 1356 1632 et
1372 1587 1492 1632 iden-

114 1659 245 1704 tidem
271 1659 463 1722 proferre
486 1660 765 1723 compelleret
788 1661 820 1704 si
842 1660 948 1723 quid
977 1658 1250 1703 recitandum
1280 1658 1493 1702 baberent

115 1730 316 1776 adversus
336 1731 560 1776 Caeciliani
579 1742 619 1775 et
639 1731 788 1775 Felicis
809 1731 867 1775 sic
889 1730 1227 1775 evidentissimas
1250 1729 1486 1774 absolutio*

115 1818 188 1846 nes
214 1819 224 1845 z
245 1812 286 1846 61
308 1801 369 1846 1111
390 1801 501 1846 nihil
522 1801 699 1847 omnino
722 1801 922 1846 adversus
939 1801 1011 1846 illa
1032 1799 1295 1864 proferentes
1313 1837 1323 1853 ,
1344 1799 1492 1845 eadem

116 1882 307 1934 repetere
331 1889 418 1917 non
446 1883 658 1917 cessarent
675 1909 684 1927 ‚
720 1883 761 1917 111
801 1873 854 1916 (16
879 1871 960 1916 illis
982 1889 1081 1934 quae
1104 1871 1297 1916 dixerant
1315 1870 1494 1930 judica-

120 1952 235 1987 retur
259 1959 270 1986 1
298 1952 339 1987 61
358 1952 509 1987 contra
527 1943 737 2001 Cognitor
756 1942 865 1987 illud
885 1942 1031 2005 potius
1053 1941 1265 2000 flagitaret
1281 1978 1290 1995 ‚
1312 1941 1493 1999 1111696-

118 2023 214 2057 rent
237 2013 270 2057 si
300 2013 512 2057 haberent
543 2013 663 2076 quod
690 2013 770 2073 logi
796 2024 942 2076 posset
975 2012 1178 2057 adversus
1208 2012 1431 2075 imperiale
1454 2022 1495 2055 61

118 2082 427 2145 proconsulare
439 2083 676 2142 Judicium.
693 2095 742 2129 ut
760 2094 897 2147 posset
913 2084 964 2129 de
978 2083 1183 2127 omnibus
1200 2082 1493 2144 pronuntiari,

121 2154 327 2216 quoniam
349 2153 516 2213 legibus
534 2155 799 2217 prohibetur
818 2155 1097 2217 semiplenam
1118 2153 1308 2216 proferre
1326 2164 1498 2198 senten-

121 2224 226 2268 tiam
251 2241 261 2268 :
289 2223 497 2269 instarent
521 2225 647 2269 etiam
672 2225 916 2277 Catholici,
947 2236 995 2270 111
1018 2224 1147 2269 1611115
1165 2224 1368 2269 omnibus
1386 2224 1495 2283 Cog-

122 2294 252 2339 nitori
283 2293 584 2347 manifestatis,
620 2305 662 2339 61
691 2295 926 2340 Donatistis
954 2294 1062 2358 quid
1096 2293 1388 2356 respondeant
1413 2312 1499 2338 non

122 2364 443 2409 invenientibus
459 2401 469 2419 ‚
510 2364 657 2410 eadem
693 2366 1011 2428 repetentibus,
1049 2363 1222 2432 tandem
1264 2363 1499 2426 aliquando

125 2451 249 2479 causa
276 2434 473 2479 finiretur
493 2454 504 2487 3
526 2435 571 2479 in
590 2434 743 2480 ultimo
765 2436 976 2495 Cognitor
993 2434 1099 2479 dixit
1121 2451 1131 2478 z
1158 2434 1201 2479 Si
1221 2444 1371 2478 contra
1393 2434 1503 2478 nihil

126 2515 187 2551 est
210 2505 328 2569 quod
349 2505 497 2565 legatis
516 2543 526 2561 ‚
549 2506 658 2552 exire
678 2506 918 2566 dignamini
936 2544 946 2562 ,
972 2517 1019 2551 111
1037 2506 1169 2569 possit
1187 2505 1316 2568 plena
1339 2504 1391 2549 de
1411 2521 1501 2549 om-

127 2575 256 2621 nibus
273 2575 406 2621 scribi
424 2576 647 2624 sententia.
672 2578 727 2623 Et
750 2577 942 2641 utrisque
962 2576 1232 2632 exeuntibus,
1252 2575 1505 2621 sententiam
