1763 2838
240 168 327 223 164
654 180 688 209 s.
730 178 971 209 Auocsrffii
1007 180 1210 210 EPISCOPI

228 248 373 293 omnia
411 247 512 303 ista,
539 244 690 290 fratres
715 243 812 289 mei.
860 244 992 289 Modo
1016 255 1145 308 putat
1181 244 1286 307 quia
1322 259 1506 304 magnus
1529 241 1608 290 erit

231 318 348 382 apud
370 335 488 372 suos,
508 317 540 361 si
555 333 641 360 non
656 315 931 370 consenserit,
954 326 995 360 et
1012 315 1154 361 dictus
1166 315 1296 360 suerit
1313 320 1480 377 Martyr
1496 332 1602 378 par-

236 391 287 435 tis
311 388 485 433 Donati.
511 386 651 438 Absit,
671 383 845 428 tollatur
863 385 905 429 in
924 386 1095 430 nomine
1112 385 1288 430 Domini
1306 385 1358 430 de
1378 384 1506 430 corde
1518 389 1607 445 ejus

228 460 307 504 iste
317 457 495 520 typhus.
524 454 656 500 Novit
675 453 821 516 etipse
835 491 844 509 ‚
867 454 968 513 legit
982 465 1023 498 et
1040 456 1130 518 ipse
1151 473 1161 499 ε
1187 478 1200 493 «
1218 455 1263 499 Si
1280 454 1496 500 tradidero
1514 472 1606 500 cor·

232 551 253 571 »
281 546 362 592 pus
387 543 530 571 meum
549 535 597 569 ut
614 523 786 569 ardeam
803 562 813 580 9
839 525 1092 571 charitatem
1118 537 1258 570 autem
1280 543 1366 570 non
1388 526 1575 570 habeam
1591 562 1602 581 ‚

229 622 251 642 »
278 597 390 643 nihil
413 596 524 641 mihi
546 593 765 658 prodestl.
796 617 816 636 n
840 596 928 654 Ego
951 614 1038 641 non
1062 596 1161 641 dico
1183 614 1193 640 :
1224 596 1270 641 Si
1296 596 1462 658 aliquas
1485 596 1606 656 inju-

230 671 317 717 rias
335 668 605 732 quasijactet
623 683 664 712 se
680 682 854 728 passum
873 683 958 712 esse
978 685 1057 730 pro
1075 677 1198 729 parte
1225 667 1387 711 Donati
1407 703 1417 721 ,
1439 676 1512 711 aut
1532 665 1608 711 ali-

230 759 316 806 qua
347 739 507 784 damna
525 747 709 791 terrena,
737 735 848 780 nihil
873 737 909 781 ei
934 738 1125 800 prodest.
1159 738 1249 797 Ego
1270 736 1370 799 plus
1392 736 1492 781 dico
1519 753 1529 780 ε
1563 735 1608 781 Si

236 811 429 877 patiatur
441 807 543 853 foris
562 806 788 851 inimicum
814 807 1000 862 Christi,
1020 825 1108 852 non
1132 807 1409 852 Catholicum
1431 805 1608 851 fratrem

232 898 360 928 suum
384 886 649 941 quaerentem
685 875 864 920 salutem
892 881 982 936 ejus
1005 915 1015 933 ‚
1042 877 1114 923 sed
1137 877 1362 922 inimicum
1384 875 1549 920 Christi
1574 875 1609 920 si

233 953 336 1000 foris
356 950 566 1014 patiatur,
588 957 629 991 et
652 946 770 991 dicat
795 947 831 991 ei
856 946 971 993 foras
997 949 1052 993 ab
1074 949 1263 994 Ecclesia
1282 948 1446 993 Christi
1465 946 1609 992 inimi-

235 1040 311 1069 cus
335 1019 500 1068 Christi
522 1035 532 1062 :
561 1019 681 1062 Pone
704 1016 808 1061 thus
832 1017 959 1063 idolis
975 1055 985 1073 ‚
1014 1018 1144 1063 adora
1168 1018 1269 1062 deos
1290 1034 1431 1070 meos3
1459 1027 1499 1062 et
1520 1033 1608 1062 non

234 1093 419 1140 adorans
433 1087 663 1135 occidatur
681 1087 737 1131 ab
756 1087 934 1132 inimico
955 1089 1118 1133 Christi
1134 1106 1144 1132 :
1162 1088 1412 1148 sanguinem
1427 1085 1608 1132 fundere

235 1175 404 1228 potest,
427 1175 634 1206 coronam
660 1157 856 1219 accipere
879 1176 965 1203 non
989 1170 1143 1222 potest.

301 1233 400 1278 Vll.
445 1229 537 1293 Ipsi
560 1238 796 1283 noverunt,
823 1229 999 1290 quando
1027 1230 1073 1273 in
1093 1229 1333 1274 Collatione
1350 1238 1492 1274 nostra
1509 1228 1609 1274 fue-

235 1316 361 1359 runt,
400 1317 533 1365 quam
573 1298 837 1357 Carthagine
875 1299 1112 1345 habuimus
1129 1337 1139 1355 ‚
1181 1299 1401 1362 quomodo
1432 1298 1612 1345 confessi

234 1387 335 1423 sunt
350 1412 361 1429 ,
381 1373 483 1437 quia
500 1380 696 1434 parentes
721 1386 867 1414 eorum
888 1370 1082 1416 fecerunt
1100 1370 1442 1433 persecutionem
1465 1370 1611 1415 (Iaeci-

233 1448 350 1493 liano
369 1443 590 1506 episcopo.
616 1441 743 1485 Tunc
774 1458 795 1484 a
825 1441 1054 1486 Catholica
1079 1441 1396 1495 discordantes,
1424 1441 1611 1486 schisma

235 1517 431 1563 fecerunt
453 1530 463 1557 ε
494 1510 704 1574 persecuti
730 1521 830 1554 sunt
856 1510 979 1555 illum
1005 1521 1205 1573 parentes
1229 1511 1419 1573 ipsorum
1435 1546 1445 1565 ‚
1462 1509 1508 1554 id
1523 1519 1608 1564 est,

235 1585 368 1651 primi
389 1583 465 1646 qui
487 1580 683 1626 fecerunt
709 1590 876 1642 partem
901 1581 1084 1635 Donati,
1104 1580 1320 1643 persecuti
1338 1590 1439 1624 sunt
1464 1579 1615 1625 Caeci·-

235 1659 402 1704 lianum
421 1692 431 1710 ‚
458 1651 753 1716 perduxerunt
776 1651 897 1696 illum
924 1651 1221 1715 persequendo
1247 1668 1381 1714 usque
1407 1649 1461 1695 ad
1484 1649 1608 1709 judi-

239 1729 357 1774 cium
382 1721 674 1786 Imperatoris,
717 1721 929 1766 Miserunt
954 1723 1136 1767 crimina
1158 1722 1293 1785 ipsius
1324 1720 1608 1784 Imperatori,

238 1814 339 1862 quae
357 1812 456 1841 vera
472 1810 559 1838 non
573 1792 824 1838 existebant.
849 1792 983 1837 Jussit
1003 1793 1143 1838 audiri
1161 1809 1333 1837 causam
1352 1793 1605 1854 Imperator.

243 1866 405 1914 Audita
417 1874 478 1910 est
489 1861 608 1926 apud
628 1862 878 1924 episcopos,
897 1861 1001 1907 falsa
1022 1862 1095 1907 illa
1115 1862 1477 1907 criminainventa
1490 1871 1608 1916 sunt,

242 1937 466 1985 absolutus
485 1944 548 1979 est
567 1931 841 1977 CaecilianuS.
868 1933 957 1976 Nec
982 1931 1044 1976 illi
1069 1950 1091 1976 a
1117 1930 1413 1994 persequendo
1444 1931 1614 1975 destite-

241 2019 344 2054 runt
360 2045 370 2063 ,
395 2004 467 2051 sed
493 2005 804 2066 Imperatorem
834 2019 948 2064 saepe
980 2001 1340 2065 interpellarunt,
1365 2001 1442 2045 ubi
1467 2011 1613 2063 postea

237 2079 434 2140 judicem
456 2090 596 2120 causae
616 2073 948 2118 constituerunt.
981 2074 1035 2117 Et
1052 2073 1142 2135 ipse
1160 2073 1272 2117 inter
1291 2081 1431 2133 partes
1449 2071 1615 2116 audivit

242 2161 284 2196 et
297 2146 513 2207 cognovit.
530 2143 745 2202 Cognovit
764 2143 1025 2205 Imperator,
1043 2143 1315 2187 innocentem
1331 2141 1614 2187 Caecilianum

238 2217 467 2279 judicarit.
493 2214 548 2257 Et
566 2230 666 2257 cum
689 2212 773 2257 hoc
795 2212 1078 2270 objiceremus
1095 2249 1106 2267 ,
1125 2211 1440 2257 contenderunt
1464 2211 1616 2256 nobis-

243 2306 344 2335 cum
363 2298 404 2332 et
426 2284 648 2335 dixerunt,
685 2283 786 2343 quia
811 2281 1093 2326 (.Iaecilianum
1130 2281 1346 2326 damnarit
1374 2282 1616 2342 Imperator

241 2361 286 2406 in
309 2357 478 2404 exilium
497 2371 508 2398 ε
529 2351 819 2416 quodfalsum
838 2361 911 2397 est.
944 2351 1028 2396 Sed
1049 2363 1189 2396 tamen
1208 2351 1348 2397 videte
1369 2350 1473 2413 quid
1494 2350 1615 2396 dixe-

240 2440 365 2476 runt:
385 2425 499 2483 Quia
519 2422 876 2486 persequentibus
898 2421 1137 2481 majoribus
1152 2421 1238 2467 suis
1252 2421 1466 2467 adductus
1479 2431 1541 2467 est
1559 2420 1614 2466 ad

290 2514 299 2536 ¹
324 2526 335 2544 1
356 2514 432 2544 Cor.
450 2520 523 2551 xiix,
545 2509 574 2538 3.
