1763 2838
119 182 174 211 DE
215 180 505 211 PECCATORUM
539 179 718 209 MERITIS
754 181 805 210 ET
842 182 1125 222 REMlSSIONE,
1165 184 1252 214 LlB.
1294 185 1362 214 111.
1405 171 1491 232 391

114 246 230 291 niam
251 267 271 286 «
298 245 385 301 Qui
410 243 641 289 crediderit
676 255 717 289 et
753 245 1002 308 baptizatus
1031 247 1158 292 suerit
1177 284 1188 301 ‚
1225 248 1367 293 salvus
1389 250 1496 303 erit;

115 335 134 356 >³
159 316 233 378 qui
251 326 393 360 autem
413 331 501 359 non
517 313 775 370 crediderit,
794 316 1202 362 condemnabitur1.
1222 339 1240 357 »
1264 318 1359 362 Jam
1380 335 1498 365 nunc

113 385 289 430 videant
321 385 417 440 isti,
446 401 532 448 qua
561 385 729 444 Justitia
763 396 928 431 tentent
959 386 1027 431 vel
1055 399 1265 433 conentur
1288 406 1494 446 asserere,

112 473 197 500 non
219 456 272 501 ad
291 456 421 501 vitam
446 466 676 510 aeternam,
701 457 775 502 sed
795 456 848 502 ad
875 458 983 502 iram
1006 458 1083 502 Dei
1105 459 1340 520 pertinere,
1363 470 1404 503 et
1423 459 1493 505 di-‘

114 527 276 572 vinitus
301 526 491 585 judicari
511 535 639 590 atque
663 526 861 572 damnari
886 527 1082 572 homines
1105 528 1181 591 qui
1202 529 1290 573 sine
1314 540 1495 592 peccato

111 608 210 642 sunt
231 617 242 649 3
265 598 297 642 si
329 597 701 660 quemadmodum
727 598 960 661 proprium
981 634 991 654 ,
1019 598 1079 643 ita
1103 599 1272 644 nullum
1296 600 1341 645 in
1360 600 1416 645 eis
1435 611 1496 645 est

110 668 237 712 etiam
257 668 465 727 eliginale
489 679 735 745 peccatum.

177 739 255 784 IV
298 739 395 783 Jam
426 738 622 791 caeteris,
649 755 749 801 quae
781 736 1015 797 Pelagius
1005 738 1194 783 insinuat
1218 755 1288 783 eos
1320 739 1491 795 dicere,

110 809 186 871 qui
211 819 363 853 contra
389 808 596 867 originale
615 819 846 871 peccatum
868 807 1123 870 disputant,
1152 808 1196 853 in
1218 796 1301 853 illis
1321 808 1495 854 duobus

109 877 263 940 prolixi
284 878 366 922 mei
388 878 529 940 operis
547 877 670 922 libris
688 879 787 923 satis
812 889 1027 940 quantum
1048 878 1254 933 arbitror,
1283 878 1495 924 dilucide-

71 969 74 970 *
110 964 194 1010 que
213 947 432 1010 respondi.
459 947 589 1003 Quod
610 948 685 993 etsi
702 948 969 1011 quibusdam
994 948 1060 993 vel
1075 965 1231 1011 parum
1252 948 1319 994 vel
1338 949 1494 994 obscu-

110 1034 207 1062 rum
223 1018 461 1064 videbitur.
491 1017 594 1062 dent
612 1018 781 1063 veniam
799 1055 809 1073 ,
834 1028 876 1062 et
892 1029 1161 1080 componant
1187 1035 1285 1063 cum
1307 1018 1364 1063 eis
1382 1055 1392 1073 ‚
1415 1019 1491 1081 qui

110 1088 284 1134 fortasse
309 1088 436 1134 illud.
460 1105 546 1132 non
563 1088 666 1150 quia
687 1105 845 1150 parum
872 1099 951 1143 est,
974 1088 1045 1133 sed
1067 1089 1167 1150 quia
1195 1089 1398 1142 nimium,
1424 1106 1494 1134 re-

109 1159 390 1221 prehendunt
411 1176 421 1203 :
444 1170 484 1203 et
511 1159 588 1221 qui
611 1176 659 1203 ea
677 1195 687 1213 ,
706 1176 806 1222 quae
823 1176 904 1222 pro
933 1170 1085 1204 natura
1106 1159 1397 1221 quaestionum
1420 1158 1493 1203 di-

109 1228 255 1274 lucide
291 1229 408 1274 dieta
430 1228 624 1273 existimo
643 1264 652 1282 ,
682 1228 830 1274 adhuc
854 1246 942 1273 non
972 1228 1249 1286 intelligunt,
1274 1244 1361 1272 non
1386 1228 1491 1273 mihi

111 1298 430 1345 calumnientur
451 1315 532 1361 pro
551 1298 808 1357 negligentia
828 1299 895 1344 vel
920 1316 998 1361 pro
1016 1315 1123 1343 meae
1140 1297 1358 1343 facultatis
1383 1297 1494 1343 indi-

111 1371 251 1430 gentia
271 1407 282 1425 ,
309 1369 382 1415 sed
410 1372 550 1415 Deum
571 1369 716 1432 potius
735 1387 816 1433 pro
838 1369 1090 1432 accipienda
1111 1368 1393 1426 intelligentia
1418 1368 1492 1414 de-

111 1451 359 1502 precentur.

176 1511 227 1556 V.
270 1512 577 1556 Verumtamen
595 1527 673 1555 nos
688 1527 774 1554 non
788 1510 1052 1568 negligenter
1065 1519 1237 1571 oportet
1254 1509 1492 1563 attendere,

110 1582 260 1636 istum,
278 1583 498 1627 sicuteum
517 1582 594 1644 qui
610 1591 826 1626 noverunt
844 1581 1104 1642 loquuntur,
1125 1580 1291 1624 bonum
1312 1596 1361 1624 ac
1380 1597 1493 1642 prae-

112 1651 348 1697 dicandum
368 1652 510 1696 virum
532 1689 542 1706 ,
566 1651 682 1696 hanc
708 1650 1123 1710 argumentationem
1147 1659 1298 1693 contra
1326 1650 1495 1711 peccati

112 1723 397 1785 propaginem
414 1759 424 1777 ,
455 1739 542 1766 non
566 1739 613 1766 ex
635 1721 816 1784 propria
844 1720 1035 1765 intulisse
1058 1736 1241 1782 persona
1262 1756 1272 1773 ,
1297 1719 1367 1765 sed
1390 1720 1497 1782 quid

111 1792 175 1837 illi
201 1792 350 1837 dicant
383 1792 459 1854 qui
479 1809 572 1836 eam
595 1808 682 1836 non
708 1790 957 1853 approbant
980 1790 1201 1835 intimasse
1221 1826 1231 1844 ,
1258 1800 1337 1834 nec
1355 1790 1495 1834 solum

113 1862 200 1907 hoc
230 1862 350 1925 quod
377 1860 506 1907 modo
548 1863 759 1924 proposui
790 1861 914 1924 eique
951 1859 1182 1922 respondi,
1213 1860 1496 1906 verumetiam

114 1943 269 1977 caetera
297 1932 460 1994 quibus
483 1949 552 1977 me
587 1933 634 1978 in
660 1932 743 1977 illis
760 1931 988 1988 librisjam
1019 1929 1290 1992 respondisse
1313 1930 1489 1976 recolui.

116 2002 226 2048 Nam
250 2019 350 2047 cum
371 2002 540 2047 dixisset
563 2020 573 2046 ι
597 2023 615 2042 «
639 2003 684 2047 Si
712 2001 819 2046 Adae
840 2000 1070 2062 inquiunt,
1101 2009 1333 2061 peccatum
1366 1999 1496 2044 etiam

115 2089 203 2118 non
218 2072 505 2134 peccantibus
523 2071 673 2116 nocuit
690 2108 701 2126 ,
721 2087 820 2129 ergo
840 2081 881 2114 et
904 2068 1243 2128 Christijustitia
1263 2068 1391 2112 etiam
1412 2085 1499 2113 non

116 2143 395 2188 credentibus
417 2142 594 2204 prodest
615 2159 625 2186 :
650 2163 670 2182 »
695 2141 813 2203 quod
832 2141 877 2185 in
901 2140 950 2184 iis
976 2155 1075 2202 quae
1106 2137 1340 2200 respondi,
1362 2139 1499 2184 cernis

116 2230 247 2275 quam
266 2229 355 2257 non
379 2212 519 2257 solum
542 2228 630 2256 non
653 2221 866 2273 expugnet
890 2209 1010 2273 quod
1034 2208 1220 2254 dicimus
1239 2245 1248 2263 ,
1273 2207 1346 2253 sed
1371 2208 1497 2253 etiam

117 2300 195 2328 nos
227 2282 458 2328 admoneat
477 2282 583 2345 quid
604 2282 800 2327 dicamus
822 2300 833 2333 ;
855 2290 1025 2325 secutus
1039 2279 1234 2338 adjunxit
1255 2296 1265 2322 :
1289 2299 1308 2318 «
1333 2279 1500 2325 Deinde

120 2354 241 2398 aiunt
266 2370 275 2397 z
306 2353 351 2397 Si
378 2353 623 2415 baptismus
647 2351 831 2396 mundat
865 2350 1094 2411 antiquum
1120 2347 1228 2393 illud
1256 2348 1464 2394 delictum
1486 2386 1496 2403 ,

122 2425 196 2487 qui
218 2424 271 2469 de
300 2423 474 2468 duobus
499 2422 729 2486 baptizatis
748 2422 836 2467 nati
862 2420 1021 2466 fuerint
1038 2457 1048 2475 ,
1073 2420 1232 2464 debent
1254 2419 1339 2463 boc
1357 2436 1500 2464 carere.

170 2505 314 2539 ¹Mauh.
332 2517 396 2543 ΧΠ,
418 2508 466 2537 ιίὶ.
