1763 2838
238 144 333 202 554
740 149 1098 192 summimus&-

237 243 302 273 res
325 223 528 272 omnibus
552 234 780 290 perspecta
807 232 939 281 esset,
974 223 1029 270 de
1050 234 1137 287 qua
1169 232 1313 272 tamen
1339 223 1386 271 in
1412 235 1463 272 eo
1500 223 1603 272 Ser-

237 312 365 342 mone
385 290 555 343 nullum
582 295 729 342 adhuc
754 295 938 342 verbum
955 294 1011 340 ad
1029 294 1248 358 populum
1263 295 1436 344 fecerat.

595 474 850 506 ANNoTArm
888 457 959 522 (4)
995 474 1096 523 pag.
1140 458 1247 506 268.

303 612 431 655 Forte
450 604 724 653 aDonatistis
740 603 787 652 in
810 604 844 650 C
851 602 1062 651 atholicos
1079 613 1173 651 tum
1194 602 1401 670 temporis
1419 620 1612 667 grassan-

238 677 370 727 tibus.
394 674 503 725 Vide
518 677 700 738 August.
729 674 867 740 Epist.
900 674 986 722 133
1004 685 1047 722 et
1066 672 1171 732 134.

605 853 864 887 Annona-10
898 839 971 903 (5)
1002 855 1104 903 pag.
1144 837 1254 896 284.-

298 991 350 1036 In
368 986 629 1035 Enchiridio
647 986 795 1033 multis
820 997 921 1050 post
944 986 1067 1032 annis
1089 985 1207 1033 edito·
1225 985 1398 1050 scripsit
1429 987 1593 1048 Augus-

240 1064 354 1109 tinus
377 1077 475 1123 cap.
506 1061 583 1115 46,
614 1075 703 1104 non
722 1057 1075 1121 improbabiliter
1097 1057 1205 1113 diei,
1227 1055 1432 1121 parvulos
1453 1069 1612 1120 paren-

237 1145 330 1180 tum
358 1148 445 1176 non
467 1128 607 1175 solum
629 1128 889 1193 primorum,
906 1127 980 1173 sed
1004 1127 1133 1173 etiam
1165 1141 1345 1173 suorum
1376 1126 1429 1173 de
1450 1127 1616 1190 quibus

236 1202 321 1267 ipsi
342 1200 432 1247 nati
447 1209 565 1256 sunt,
585 1198 778 1262 peccatis
799 1197 1002 1257 obligari,
1027 1212 1185 1261 eosque
1211 1208 1311 1243 ante
1328 1196 1613 1258 regeneratio·

235 1290 336 1320 nem
362 1269 497 1316 teneri
515 1268 589 1314 illa
613 1268 761 1314 divina
791 1268 999 1313 sententia
1017 1285 1032 1313 z
1058 1267 1276 1312 Reddam
1287 1278 1489 1329 peccata
1524 1283 1614 1330 pa·

239 1355 362 1389 trum
387 1344 435 1384 in
447 1339 587 1396 filios.
612 1338 820 1396 Magister
842 1347 1023 1383 sentent.
1049 1336 1128 1383 lib.
1154 1352 1181 1382 2
1200 1353 1298 1400 cap.
1319 1338 1396 1383 33.
1425 1336 1612 1383 ostendit

240 1409 528 1471 Augustinum
546 1406 645 1452 haec
674 1406 826 1452 dixisse
848 1423 937 1451 non
964 1405 1190 1451 asserendo
1206 1443 1218 1462 ,
1247 1405 1319 1451 sed
1343 1405 1614 1452 diversorum

239 1481 465 1546 opiniones
482 1477 719 1524 referendo.
750 1477 981 1522 Dixitsane
999 1493 1047 1522 ea
1070 1476 1215 1536 regula
1234 1487 1275 1522 et
1296 1474 1609 1538 moderatione,

236 1568 368 1617 quam
396 1548 554 1595 servari
572 1547 701 1608 jussit
722 1548 767 1592 in
788 1547 865 1593 lib.
898 1549 941 1593 6.
968 1547 1021 1592 de
1059 1547 1212 1593 Genesi
1233 1546 1287 1592 ad
1312 1546 1377 1594 lit.
1409 1564 1447 1594 c,
1471 1565 1515 1611 9.
1540 1549 1616 1595 ni-

242 1623 403 1669 mirum
429 1630 480 1663 ιιι
498 1620 547 1663 in
572 1617 824 1681 profundo
854 1620 1108 1680 Scrzpturae
1125 1633 1265 1663 sensu
1289 1621 1443 1680 magis
1452 1636 1613 1682 proes-

239 1706 358 1741 taret
378 1694 673 1757 diligentiam
697 1694 985 1757 inquirendi,
1013 1711 1161 1757 quam
1181 1692 1613 1757 affirmandl‘teme-

239 1770 437 1811 ritatem.

594 1910 852 1943 ΑΝΝοΤΑτῙο
887 1895 961 1959 (6)
992 1911 1094 1960 pag.
1137 1911 1244 1960 290.

299 2041 426 2088 Hanc
445 2039 701 2086 sententiam
721 2039 777 2084 ab
799 2038 1049 2102 Apostolica
1074 2038 1189 2095 sede,
1207 2054 1307 2086 cum
1330 2038 1386 2086 de
1407 2038 1495 2086 hac
1512 2039 1608 2104 ipsa

234 2130 280 2158 re
312 2120 533 2171 ageretur,
572 2108 814 2154 adhibitam
839 2119 988 2154 contra
1020 2109 1275 2168 Pelagianos
1298 2108 1426 2156 fuisse
1455 2109 1608 2156 scribit

235 2180 500 2241 Augustinus
525 2178 664 2241 Epist.
703 2179 804 2224 186.
841 2177 896 2223 ad
916 2178 1151 2224 Paulinum
1169 2196 1211 2226 n.
1244 2178 1317 2226 28.
1343 2189 1386 2225 et
1407 2195 1481 2241 29.
1510 2179 1608 2226 Ad-

231 2251 382 2296 hibuit
405 2248 613 2294 nimirum
633 2248 912 2294 Innocentius
938 2250 1058 2312 Papa
1081 2249 1126 2294 in
1152 2248 1348 2312 Epistola
1377 2249 1431 2295 ad
1456 2251 1607 2296 Patres

234 2317 472 2365 Milevitani
514 2318 707 2371 concilii.
745 2335 846 2381 quae
885 2318 997 2363 inter
1030 2318 1364 2379 Augustinianas
1397 2330 1459 2365 est
1496 2320 1598 2366 182.

232 2390 375 2436 Verba
400 2386 634 2433 innocentii
660 2404 761 2451 quae
787 2389 877 2434 huc
901 2399 1125 2452 spectant,
1149 2388 1370 2434 transtulit
1395 2389 1604 2449 Augusti-

231 2476 313 2507 nus
334 2460 380 2506 in
416 2457 581 2503 librum
617 2474 659 2504 2.
691 2458 746 2505 ad
777 2459 974 2507 Bon-isac,
1016 2476 1055 2507 e.
1086 2461 1130 2517 4.
1161 2460 1374 2506 Praeterea
1409 2460 1608 2507 Gelasius
