1763 2838
91 142 147 174 DE
184 137 477 173 PEGCATORUM
511 134 692 168 MERITIS
725 134 779 165 ET
813 134 1099 177 REMISSIONE,
1137 137 1224 169 ΜΒ.
1268 139 1298 170 1.
1373 125 1463 188 327

91 209 352 262 doceamus‚
396 199 618 268 quomodo
656 217 733 264 per
775 201 1001 264 propriam
1038 203 1335 261 voluntatem‚
1381 207 1470 253 sine

89 296 175 342 qua
212 277 382 323 nullum
418 275 520 321 vitae
552 271 746 336 proprite
781 282 926 335 potest
958 289 1043 318 esse
1073 286 1303 336 peccatum
1323 314 1334 332 ‚
1358 278 1472 324 nihil

91 349 194 394 mali
219 347 514 396 commiserint
536 343 720 390 infantes
742 381 751 398 ‚
776 344 853 407 qui
877 355 1058 406 propter
1074 345 1159 391 hoc
1184 358 1396 394 vocantur
1413 350 1469 394 ab

91 420 295 465 omnibus
330 417 610 464 innocentes?
651 415 806 459 Nonne
843 425 959 459 tanta
990 416 1218 463 infirmitas
1262 419 1395 464 animi
1430 430 1470 464 et

90 490 286 553 corporis
305 526 315 544 ‚
359 498 476 533 tanta
515 502 658 532 rerum
691 484 957 544 ignorantia,
1004 495 1089 531 tam
1134 488 1256 534 nulla
1291 490 1470 536 omnino

89 560 304 624 praecepti
336 558 576 622 capacitas,
604 554 750 601 nullus
780 554 846 600 vel
870 557 1090 601 naturalis·
1111 558 1178 603 vel
1210 561 1471 624 conscriptae
1523 594 1526 599 «

90 631 192 690 legis
216 646 361 675 sensus
380 639 455 674 aut
480 638 620 673 motus
640 664 650 682 ‚
678 625 824 671 nullus
847 625 891 670 in
924 626 1174 673 alterutram
1198 641 1367 692 partem
1397 649 1472 677 ra-

90 701 220 746 tionis
255 716 379 752 usus,
419 699 506 744 hoc
544 696 683 743 multo
717 696 933 741 testatiore
970 697 1138 743 silentio
1169 715 1301 762 quam
1331 718 1473 747 sermo

89 782 236 817 noster
256 770 502 834 proclamat
524 779 650 831 atque
671 767 869 813 indicat?
898 767 1051 813 Valeat
1073 769 1236 833 aliquid
1258 771 1312 816 ad
1336 789 1377 817 se
1398 772 1471 835 ip-

89 860 177 888 sam
199 840 544 904 persuadendam
563 840 656 902 ipsa
676 838 919 885 evidentia:
942 856 1041 884 nam
1062 857 1276 904 nusquam
1303 843 1362 888 510
1384 861 1471 889 11011

88 912 261 958 invenio
286 911 406 975 quod
434 910 579 956 dicam
600 947 610 965 ,
641 926 774 972 quam
797 909 873 954 ubi
898 926 962 954 res
983 909 1035 954 de
1055 927 1142 973 qua
1160 911 1322 957 dicitur
1340 950 1351 968 ,
1379 931 1470 958 ma-

91 982 284 1028 nifestior
305 993 367 1027 est
392 997 523 1044 quam
549 997 675 1025 omne
693 979 811 1042 quod
833 979 1010 1026 dicitur.

153 1054 310 1099 LXVI.
359 1051 524 1098 Vellem
554 1062 725 1107 tamen,
757 1050 952 1114 quisquis
988 1051 1072 1096 1100
1099 1054 1238 1116 sapit,
1275 1055 1466 1111 diceret,

87 1125 206 1189 quod
236 1135 468 1188 peccatum
499 1122 656 1169 viderit
690 1122 757 1167 vel
788 1122 952 1185 putarit
986 1121 1162 1169 infantis
1200 1128 1383 1172 recentis
1416 1128 1472 1173 al)

89 1206 230 1249 utero,
248 1195 317 1240 cui
336 1193 588 1239 redimendo
601 1192 760 1237 fatetur
768 1196 857 1252 jam
877 1193 1144 1255 baptismum
1164 1198 1468 1254 necessarium,

93 1266 199 1329 quid
221 1265 320 1311 mali
342 1266 385 1310 in
407 1265 491 1309 hac
516 1263 694 1327 propria
718 1263 898 1308 suavita
921 1282 996 1326 per
1021 1266 1213 1311 animum
1241 1269 1469 1331 proprium

88 1354 301 1399 corpusve
324 1335 601 1381 commiserit.
645 1334 689 1378 Si
712 1333 822 1378 forte
853 1334 972 1397 quod
997 1335 1140 1398 plorat
1162 1337 1380 1402 taedioque
1406 1350 1467 1385 ost

89 1407 326 1467 majoribus
349 1424 358 1450 :
387 1406 544 1450 mirum
570 1405 603 1449 si
624 1404 709 1449 hoc
727 1403 945 1467 iniquitati
968 1441 978 1460 ,
1011 1423 1098 1450 11011
1116 1406 1361 1453 infelicitati
1382 1427 1468 1472 po—

89 1479 171 1522 tius
191 1476 492 1540 deputandum
518 1486 594 1522 est.
622 1476 689 1520 An
707 1474 826 1537 quod
847 1475 902 1519 al)
924 1475 1018 1537 ipso
1042 1476 1146 1521 ssetu
1168 1478 1288 1523 nulla
1309 1496 1384 1524 sua
1405 1498 1470 1525 ra-

88 1548 202 1593 tione
223 1585 233 1594 .
273 1547 392 1592 nulla
420 1551 678 1609 cujusquam
722 1546 1024 1608 prohibitione
1056 1549 1379 1610 compescitur?
1415 1553 1472 1597 At

86 1619 173 1664 hoc
207 1618 462 1678 ignorantiae
495 1628 556 1662 cst
577 1654 586 1672 ,
626 1617 671 1661 111
710 1633 795 1679 qua
832 1615 1173 1678 profundissima
1207 1623 1349 1678 jacet,
1384 1638 1470 1684 qua

87 1690 216 1735 ctiam
244 1700 424 1734 matrem
441 1726 451 1744 ‚
478 1705 578 1734 cum
603 1698 703 1751 post
721 1687 921 1746 exiguum
945 1698 1114 1751 tempus
1135 1689 1339 1745 valuerit‚
1368 1709 1471 1755 per-

87 1760 198 1806 cutit
217 1761 352 1805 iratus
368 1798 378 1815 ,
401 1770 442 1805 et
463 1777 577 1822 szepe
606 1760 717 1822 ipsas
736 1762 826 1817 ejus
852 1775 1063 1803 mammas
1082 1797 1092 1815 ‚
1115 1776 1222 1823 quas
1244 1761 1349 1807 dum
1370 1780 1469 1808 050-

87 1830 144 1876 rit
163 1867 174 1884 ‚
200 1831 390 1890 exsugit,
413 1830 510 1875 haec
532 1847 620 1875 11011
638 1828 769 1874 1110(10
798 1827 998 1873 feruntur
1014 1866 1024 1885 ,
1049 1832 1329 1877 verumetiam
1366 1833 1468 1879 dili-

91 1912 254 1962 guntur
271 1903 316 1946 in
338 1901 534 1964 parvulis
552 1939 562 1956 ‚
587 1911 628 1946 et
646 1900 732 1945 hoc
753 1917 840 1963 quo
861 1901 1015 1945 affectu
1035 1938 1045 1955 ‚
1068 1902 1148 1946 nisi
1170 1904 1358 1959 carnali,
1384 1922 1472 1968 quo

92 1974 219 2020 etiam
246 1973 356 2018 risus
372 1976 585 2035 jocusque
609 1971 825 2026 delectat,
866 1983 1094 2016 acutorum
1127 1989 1302 2036 quoque
1324 1975 1474 2021 1101111-

91 2061 198 2089 num
232 2045 326 2107 ipsa
357 2042 480 2105 quasi
513 2042 781 2086 absurditate
818 2041 1054 2086 conditus:
1083 2043 1160 2105 qui
1193 2044 1225 2088 si
1257 2061 1314 2088 eo
1344 2046 1474 2092 modo

91 2115 320 2160 sentiretur
339 2151 349 2168 ‚
380 2123 427 2157 ut
457 2111 618 2157 dicitur
639 2129 727 2157 non
753 2115 843 2175 jam
876 2111 937 2156 illi
977 2123 1183 2176 tanquam
1219 2113 1374 2171 faceti,
1401 2117 1473 2162 sed

94 2195 303 2248 tanquam
325 2183 434 2228 fatui
455 2182 727 2228 riderentur.3
750 2183 872 2245 Ipsos
895 2199 1070 2245 quoque
1092 2185 1232 2229 fatuos
1258 2185 1471 2242 videmus,

96 2272 204 2318 quos
250 2254 379 2314 vulgo
414 2253 628 2298 moriones
664 2263 852 2307 vocant,
893 2252 946 2297 ad
984 2253 1265 2299 cordatorum
1302 2255 1476 2302 delicias

100 2326 325 2374 adhiberi,
367 2336 408 2370 et
441 2325 486 2369 in
524 2324 848 2387 mancipiorum
890 2325 1175 2371 aestinmtione
1208 2328 1478 2389 pretiosiores

95 2413 183 2442 esse
199 2396 400 2442 cordatis.
427 2397 617 2440 Tantum
635 2394 747 2440 valet
761 2395 944 2440 carnalis
962 2397 1138 2440 affectus
1152 2397 1280 2442 ctiam
1299 2399 1478 2445 minime

94 2466 314 2512 fatuorum
334 2467 379 2512 in
405 2465 688 2512 delectatione
716 2465 845 2511 alieni
872 2465 989 2512 mali.
1027 2467 1137 2512 Nam
1174 2461 1276 2512 cum
1311 2468 1481 2514 homini
