1763 2838
297 221 350 250 DE
391 219 525 249 UNICO
563 215 784 248 BAPTISMO
822 215 998 246 CONTRA
1034 215 1329 248 PETILIANUM.
1454 218 1513 263 29

133 302 229 331 rum
265 285 395 331 etiam
422 284 475 330 ad
505 282 780 344 cogitandam
810 281 1067 328 Melchiadis
1094 283 1149 328 ab
1178 300 1328 329 eorum
1358 282 1508 329 crimi-

134 356 389 402 nationibus
421 355 699 419 purissimam
726 353 876 399 vitam.
909 352 1000 397 Nisi
1031 352 1141 398 forte
1163 354 1398 417 quisquam
1427 364 1516 398 tam

133 426 187 472 sit
207 425 429 489 insipiens,
456 436 504 470 ut
528 425 676 471 credat
700 441 786 480 eos,
818 439 916 468 cum
941 422 1071 468 Felici
1098 441 1186 469 non
1207 423 1512 487 pepercerint,

135 514 158 542 a
181 513 270 559 quo
289 496 549 542 Caecilianus
569 496 710 541 fuerat
730 493 971 549 ordinatus,
990 493 1228 540 Melchiadi
1244 511 1424 558 parcere
1438 511 1516 558 po-

135 567 280 623 tuisse,
311 585 333 612 a
358 583 445 630 quo
466 566 609 613 fuerat
633 564 879 620 absolutus,
915 563 947 608 si
974 563 1089 609 illius
1122 565 1318 628 episcopi
1343 565 1478 611 Vitam
1501 602 1513 621 ,

135 638 333 701 quamvis
368 638 539 683 nullum
562 637 721 684 vulnus
755 634 1033 680 conscientiae
1060 635 1309 698 peremisset
1332 673 1342 692 ,
1370 635 1518 681 saltem

138 709 472 773 qualiscumque
491 709 604 754 fama
625 707 856 770 culpasset.
883 708 950 752 An
974 723 1075 751 vero
1096 706 1217 770 quod
1239 706 1292 752 de
1317 706 1410 753 foro
1430 706 1519 752 Ab·

140 780 418 839 tungensium
443 780 597 825 fictum
618 779 759 824 fuerat
775 815 784 832 ‚
814 777 868 823 ab
894 777 983 822 istis
1005 788 1312 832 accusaretur3
1339 787 1381 822 et
1406 774 1524 840 quod

138 850 181 895 in
206 849 427 912 Capitolio
452 851 753 895 Romanorum
778 848 942 893 factum
962 848 1103 893 suerat
1123 858 1352 894 taceretur.

206 921 369 966 xxix.
402 921 466 965 De
499 920 719 965 Mensurio
753 929 894 964 autem
927 918 1035 981 quid
1069 919 1356 981 respondeam
1382 955 1392 975 ‚
1422 934 1524 963 cum

141 993 231 1050 ejus
250 1000 444 1054 tempore
479 1008 612 1054 usque
645 990 699 1035 ad
737 990 880 1035 obitus
906 990 1019 1034 diem
1046 989 1169 1052 plebs
1199 990 1373 1035 unitatis
1405 987 1523 1033 nulla

144 1061 356 1107 conscissa
375 1072 463 1115 est;
488 1062 681 1125 ipszrque
705 1062 859 1106 littera}
883 1060 1074 1105 Secundi
1094 1060 1341 1119 'sig-isium,
1365 1059 1527 1123 quibus

143 1131 429 1194 reprehensus
454 1133 670 1187 asseritur,
689 1148 758 1176 eos
774 1131 827 1176 ad
847 1147 887 1175 se
906 1130 1091 1174 invicem
1109 1130 1293 1193 pacifice
1312 1129 1531 1193 scripsisse

145 1203 435 1257 confirmant,
475 1214 603 1266 atque
645 1204 689 1248 in
720 1202 889 1261 collegii
918 1202 1119 1247 societate
1152 1202 1394 1247 mansisse?
1433 1204 1530 1245 Jam

146 1289 247 1319 vero
284 1272 404 1335 quod
428 1273 559 1318 ctiam
597 1273 649 1317 de
689 1272 875 1318 Cirtensi
902 1272 1079 1318 ecelesia
1106 1272 1249 1317 dicere
1282 1272 1420 1318 voluit
1441 1309 1451 1323 ,
1493 1279 1535 1314 et

148 1343 376 1406 episcopos
406 1343 468 1388 ibi
495 1344 735 1389 catholicos
757 1343 999 1389 maledictis
1023 1344 1259 1389 insectatus
1283 1354 1344 1388 est
1369 1342 1533 1406 quibus

149 1413 312 1469 voluit3
339 1414 447 1477 quid
471 1415 588 1460 aliud
612 1415 712 1475 egit,
742 1415 820 1460 nisi
842 1414 1191 1477 utvituperando
1213 1426 1382 1460 sanctos
1403 1413 1533 1458 etiam

150 1494 397 1529 nostrorum
428 1496 672 1548 temporum
702 1486 832 1541 viros,
861 1486 1075 1547 nobisque
1103 1486 1268 1548 optime
1306 1484 1500 1543 cognitos
1520 1519 1530 1537 ‚

153 1555 250 1599 satis
276 1555 543 1611 ostenderet,
566 1555 674 1619 quid
703 1557 830 1601 etiam
857 1556 910 1600 de
937 1556 1094 1615 ignotis
1115 1593 1125 1611 ,
1152 1556 1315 1619 quibus
1340 1554 1537 1600 similiter

153 1624 399 1680 maledicit,
422 1627 575 1671 sentire
595 1627 830 1671 debeamus
845 1630 862 1671 ἒ)
893 1626 1083 1671 Proinde
1104 1627 1135 1671 si
1162 1627 1421 1672 Profuturus
1441 1635 1539 1670 ante

155 1696 438 1758 paucissimos
463 1714 596 1742 annos
615 1696 849 1742 defunctus
868 1734 878 1752 ‚
903 1707 945 1741 et
979 1699 1243 1742 Fortunatus
1263 1697 1339 1761 qui
1364 1698 1409 1742 111
1439 1713 1542 1741 cor—

154 1783 262 1829 pore
284 1766 433 1812 adhuc
456 1778 534 1823 est,
561 1779 689 1831 atque
715 1768 777 1813 illi
809 1768 1013 1813 successit
1041 1769 1248 1832 episcopo
1267 1806 1276 1824 ,
1299 1785 1386 1831 quo
1409 1766 1540 1812 modo

161 1836 396 1882 Maniehaei
419 1836 625 1893 fuerunt,
667 1839 726 1883 sic
751 1838 926 1884 fuerunt
961 1849 1002 1883 et
1039 1838 1101 1883 illi
1136 1839 1394 1894 traditores,
1435 1854 1543 1901 quos

158 1905 283 1965 longe
309 1925 331 1951 a
355 1909 511 1953 nostris
525 1910 797 1972 temporibus
818 1909 1108 1968 ignotissimos
1131 1927 1335 1955 accusare
1356 1926 1443 1954 non
1459 1925 1546 1952 ces-

161 1987 271 2031 sant,
289 1978 417 2023 etiam
439 1978 614 2026 illorum
633 1980 759 2025 nobis
779 1998 890 2044 pura
912 1980 1158 2026 abistorum
1176 1981 1350 2045 probris
1367 1980 1455 2027 vita
1470 1996 1551 2022 no—

165 2059 323 2093 tisslma
345 2060 421 2095 est.

228 2117 367 2166 XXX.
411 2121 510 2165 Non
535 2139 634 2166 sane
659 2139 793 2185 parva
817 2133 879 2167 est
904 2139 1151 2185 parumque
1175 2123 1357 2182 gloriosa
1390 2136 1547 2166 conso-

165 2188 268 2233 latio
293 2193 613 2253 cujuscumque
633 2197 845 2245 nostruin,
868 2192 899 2236 si
931 2192 986 2237 ab
1005 2192 1192 2238 inimicis
1217 2192 1424 2238 Ecclesiae
1448 2206 1549 2235 cum

167 2259 260 2322 ipsa
284 2259 474 2305 Ecclesia
507 2262 823 2307 criminamur:
859 2266 949 2321 ejus
984 2273 1126 2308 tamen
1157 2262 1347 2308 defensio
1382 2279 1471 2307 non
1507 2260 1552 2304 111

169 2346 317 2374 eorum
337 2330 566 2377 hominum
593 2332 837 2378 defensione
862 2333 1083 2388 consistit,
1108 2351 1216 2396 quos
1250 2333 1318 2378 isti
1352 2331 1555 2377 nomina-

172 2399 380 2444 timfalsis
408 2402 788 2447 eiwiiiiiiiitionibus
813 2414 1041 2466 appetunt.
1074 2404 1257 2449 Prorsus
1281 2401 1558 2466 qualescum-

173 2486 258 2532 que
280 2469 443 2516 fuerint
467 2473 763 2520 Malcellinus.
794 2475 849 2518 M
844 2474 1049 2527 neellus
1075 2475 1129 2519 qi
1138 2475 1314 2523 hester
1338 2469 1556 2517 Melchia-

183 2540 273 2596 des,
299 2543 559 2602 Mensurius,
586 2524 879 2595 Caecilianus
903 2555 1032 2608 atque
1058 2528 1127 2592 alii
1156 2546 1318 2609 quibus
1342 2539 1559 2600 objiciunt
