1763 2838
94 207 150 238 DE
186 206 483 239 PECCATORUM
519 206 700 239 MERITIS
734 206 787 238 ΕΤ
825 204 1113 248 ΒΕΜῙ551οΝΕ,
1152 205 1239 237 Lm.
1286 206 1341 237 11.
1398 191 1491 254 373

95 285 277 331 vuntur,
303 274 418 321 unde
457 284 499 320 et
522 273 577 319 ad
607 274 735 319 aliam
762 290 901 319 escam
921 289 1022 336 quae
1043 289 1131 318 non
1161 271 1483 336 corrumpitur,

95 362 172 390 nos
196 346 408 390 Dominus
433 345 689 390 exhortatur
707 344 725 373 ‘1
750 344 839 390 :ita
854 343 1139 389 sanctificatio
1161 342 1483 402 catechumeni,

97 414 132 459 si
168 432 255 461 non
280 415 408 461 fuerit
431 416 680 479 baptizatus
700 454 710 472 ,
741 433 830 461 non
855 415 892 460 ei
922 413 1034 460 valet
1059 414 1114 460 ad
1149 415 1409 461 intrandum
1444 415 1491 460 in

96 501 279 544 reonum
301 486 534 541 coelorum,
558 498 630 532 aut
643 487 991 550 adpeccatorum
1012 486 1321 533 remissionem.
1345 488 1494 549 Acper

97 555 186 601 lioc
219 568 260 602 et
284 557 357 603 illa
399 525 706 613 sanctificatio,
728 561 1051 618 cujuscumque
1086 557 1205 601 modi
1235 557 1288 602 sit
1309 557 1326 585 2
1335 574 1493 620 ,quam

96 619 142 670 in
178 626 277 672 filiis
316 628 511 674 fidelium
536 646 622 674 esse
650 629 757 674 dixit
783 626 1018 706 Apostolus
1051 627 1105 672 ad
1138 628 1265 673 istam
1288 627 1341 673 de
1374 628 1492 690 bap-

97 697 224 743 tismo
237 709 278 743 et
302 699 355 744 de
369 700 539 763 peccati
560 701 721 760 origine
739 699 807 744 vel
826 698 1073 744 remissione
1092 700 1376 761 quaestionem
1394 715 1492 743 om-

95 768 199 813 nino
223 786 310 814 non
333 771 534 832 pertinet.
560 773 674 815 Nam
708 780 749 815 et
777 773 984 829 conjuges
1004 768 1197 814 infideles
1226 769 1271 814 in
1298 768 1495 829 conjugi-

96 838 179 884 bus
208 838 412 884 fidelibus
433 840 697 885 sanctificari
738 839 847 884 dicit
881 856 931 884 eo
956 839 1051 902 ipso
1066 839 1163 884 loco
1186 839 1246 884 ita
1266 839 1447 902 loquens
1475 854 1487 882 ε

97 930 118 949 α
141 909 450 955 Sanctificatur
470 910 585 955 enim
621 911 687 956 vir
711 910 898 956 infidelis
922 909 967 955 in
994 927 1140 966 uxore,
1167 921 1208 955 et
1242 909 1491 955 sanctifica-

101 1000 121 1020 »
142 990 214 1024 tur
238 980 394 1026 mulier
417 981 604 1026 infidelis
630 982 674 1026 in
714 981 858 1028 fratre.
891 981 1097 1044 Alioquin
1136 981 1215 1026 filii
1248 980 1378 1026 vestri
1402 980 1486 1024 im-

99 1072 118 1091 »
138 1051 290 1096 mundi
309 1062 462 1107 essent,
478 1069 595 1097 nuuc
618 1064 757 1098 autem
770 1052 912 1097 sancti
932 1063 1044 1097 sunt.
1072 1051 1104 1098 3.
1130 1074 1150 1093 »
1173 1053 1289 1107 Non,
1310 1050 1485 1114 opinor,

97 1123 328 1185 quisquam
348 1133 435 1167 tam
461 1123 693 1169 infideliter
718 1123 938 1183 intelligit,
967 1122 1199 1199 quodlibet
1222 1122 1267 1167 in
1291 1122 1359 1167 his
1383 1138 1486 1168 ver-

96 1191 164 1237 bis
188 1192 415 1251 intelligat,
451 1204 499 1238 ut
538 1194 595 1238 ob
628 1194 715 1239 hoc
759 1194 968 1238 existimet
992 1193 1123 1237 etiam
1160 1192 1363 1237 maritum
1400 1208 1488 1236 non

99 1262 417 1310 Christianum
443 1264 546 1326 quia
565 1266 596 1308 t]
604 1264 814 1308 hristiana
843 1263 974 1308 suerit
994 1279 1099 1307 uxor
1121 1266 1212 1321 ejus
1230 1279 1367 1326 neque
1394 1265 1487 1321 jam

97 1333 311 1411 baptizari
339 1345 556 1397 oportere,
580 1345 621 1379 et
660 1334 713 1380 ι(1
738 1344 1023 1397 peccatorum
1063 1333 1356 1378 1emissionem
1393 1336 1485 1392 jam

96 1405 356 1467 ΡοΓιοῐιί550,
384 1415 427 1449 et
449 1404 493 1449 in
518 1422 698 1464 regnum
726 1404 942 1450 coelorum
973 1421 1058 1449 esse
1076 1404 1359 1456 intraturum,
1383 1404 1487 1465 quia

97 1442 392 1520 sanctificatus
412 1475 555 1520 dictus
572 1486 632 1520 est
654 1476 699 1520 in
720 1491 862 1520 uxore.

170 1545 333 1591 XLIII.
366 1545 573 1608 Quisquis
600 1562 701 1592 vero
729 1544 876 1590 adhuc
915 1554 1113 1590 movetur
1133 1581 1143 1600 ,
1168 1560 1301 1606 quare
1330 1542 1484 1605 bapti—

97 1625 250 1660 zentur
289 1616 365 1679 qui
395 1618 490 1677 jam
518 1616 570 1661 de
598 1615 833 1679 baptizatis
861 1626 1103 1661 nascuntur
1122 1652 1134 1670 ‚
1171 1614 1257 1659 hoc
1294 1613 1485 1658 breviter

99 1686 301 1748 accipiat.
336 1686 459 1731 Sicut
485 1687 701 1746 generatio
724 1686 865 1731 carnis
890 1685 1061 1748 peccati
1083 1702 1163 1748 per
1183 1701 1321 1730 unum
1344 1683 1483 1730 Adam

99 1756 153 1801 ad
177 1756 586 1802 condemnationem
614 1758 751 1803 trahit
785 1774 933 1802 omnes
959 1757 1035 1819 qui
1057 1773 1106 1801 eo
1130 1755 1263 1801 modo
1281 1772 1483 1815 generan-

101 1838 170 1872 tur
185 1865 195 1882 ‚
224 1828 284 1873 sic
309 1828 523 1887 generatio
546 1829 724 1891 spiritus
744 1829 892 1888 gratiae
911 1845 989 1891 per
1009 1844 1145 1872 unum
1162 1831 1304 1872 Jesum
1327 1826 1483 1871 Chris-

101 1908 191 1943 tum
220 1898 271 1943 ad
307 1899 665 1958 justificationem
694 1899 798 1945 vitae
824 1910 998 1945 aeternae
1023 1898 1146 1943 ducit
1173 1914 1319 1942 omnes
1338 1897 1413 1960 qui
1436 1914 1485 1942 eo

98 1969 230 2014 modo
268 1969 567 2032 praedestinati
599 1981 920 2029 regenerantur.
966 1969 1297 2013 Sacramentum
1339 1978 1482 2012 autem

98 2039 307 2103 baptismi
332 2040 526 2102 profecto
550 2051 870 2086 sacramentum
894 2037 1230 2099 regenerationis
1249 2048 1325 2083 est.
1358 2039 1485 2095 Quo-

99 2110 215 2155 circa
239 2110 352 2156 sicut
374 2110 509 2155 homo
533 2111 608 2173 qui
627 2128 715 2156 non
729 2111 905 2158 vixerit.
930 2110 1039 2155 mori
1058 2127 1144 2155 non
1164 2119 1324 2172 potest,
1340 2119 1382 2153 et
1405 2110 1481 2172 qui

100 2190 296 2225 mortuus
320 2197 408 2225 non
432 2181 585 2237 fuerit,
614 2198 831 2242 resurgere
855 2198 944 2226 non
968 2191 1110 2243 potest
1134 2198 1144 2224 :
1167 2179 1226 2224 ita
1256 2179 1332 2242 qui
1355 2190 1483 2225 natus

100 2251 187 2295 non
208 2249 353 2305 fuerit,
376 2251 540 2296 renasci
558 2268 645 2296 non
670 2263 827 2315 potest.
855 2253 917 2297 Ex
941 2268 1029 2315 quo
1051 2250 1310 2305 conficitur,
1339 2250 1483 2295 nemi-

100 2338 198 2366 nem
221 2321 267 2366 in
291 2338 367 2366 suo
388 2332 565 2384 parente
583 2323 747 2368 renasci
771 2323 964 2386 potuisse
988 2339 1076 2367 non
1102 2332 1268 2367 natum.
1293 2320 1483 2383 Oportet

103 2402 250 2438 autem
266 2429 277 2447 ‚
308 2402 357 2437 ut
374 2393 407 2438 si
431 2403 557 2438 natus
590 2391 745 2451 fuerit,
769 2404 1019 2440 renascatur
1042 2410 1053 2437 ε
1085 2391 1206 2456 quia,
1235 2412 1254 2432 α
1272 2391 1362 2438 Nisi
1384 2392 1483 2455 quis

148 2492 159 2514 ¹
178 2495 275 2525 Joan.
292 2503 337 2536 vr,
361 2503 417 2533 27.
432 2510 478 2517 -
492 2492 508 2515 2
524 2493 607 2525 Vide
624 2493 706 2527 infra
725 2494 782 2528 lib.
801 2495 834 2538 3,
852 2505 880 2525 c.
904 2505 960 2532 ω,
977 2498 1008 2525 et
1025 2494 1126 2525 Sei-m.
1145 2503 1200 2533 29.
1224 2496 1307 2528 4.-
1327 2489 1341 2513 3
1362 2503 1373 2522 1
1401 2492 1476 2525 Cor.

102 2556 151 2576 vu
168 2568 176 2585 ,
194 2551 251 2584 24.
