1763 2838
285 178 374 221 ⁴228
704 198 736 215 s.
783 187 1022 218 .'iUGUSTJNl
1060 188 1261 218 EPISCOPI

286 256 424 303 velitis
445 270 528 298 esse
553 252 605 297 de
624 262 747 314 parte
773 252 961 297 Donati?
984 254 1168 298 Peccato
1190 253 1413 299 Caeciliani
1428 254 1586 317 perisse
1605 254 1658 300 de

284 327 389 373 orbe
425 335 631 370 terrarum
658 322 958 384 promissiones
987 324 1094 378 Dei,
1126 332 1167 368 et
1204 325 1451 369 remansisse
1472 325 1517 369 in
1540 335 1660 388 parte

285 395 464 450 Donati,
492 394 624 439 homo
650 392 773 438 vobis
799 392 920 448 dixit,
943 410 997 436 an
1020 393 1164 437 Deus?
1186 392 1229 437 Si
1254 394 1366 439 Deus
1384 431 1394 449 ,
1419 393 1543 453 legite
1573 394 1661 440 hoe

284 467 411 514 nobis
432 484 481 511 ex
501 466 629 524 Lege,
657 463 907 526 Prophetis,
942 463 1138 519 Psalmis,
1166 464 1425 526 Apostolicis
1449 476 1489 511 et
1519 468 1662 512 Evan-

284 537 428 598 gelicis
441 536 610 582 litteris.
638 534 801 594 Legite,
818 535 851 579 si
878 533 1073 596 potestis,
1095 534 1213 596 quod
1229 534 1273 579 in
1296 534 1536 581 Collatione
1559 553 1663 582 nos-

284 618 350 653 tra
375 606 550 652 minime
566 604 780 669 potuistis.
812 604 856 649 Si
878 615 1019 649 autem
1041 603 1238 649 homines
1262 605 1341 650 ista
1366 605 1582 663 dixerunt,
1610 606 1664 652 de

283 677 446 742 quibus
460 676 627 722 dictum
654 686 715 721 est
737 694 747 721 ι
779 697 797 717 z<
823 677 1126 721 Firmaverunt
1144 676 1227 721 sibi
1247 694 1484 723 sermonem
1507 678 1664 738 malig-

284 769 306 790 »
331 747 464 794 num1
489 766 499 793 :
524 750 668 793 »Ecce
687 748 931 793 humanum
954 748 1225 807 figmentum,
1247 765 1345 794 ecee
1364 749 1483 812 quod
1505 749 1661 805 colitis,

284 836 384 864 ecee
409 819 480 864 cui
495 818 678 874 servitis,
706 835 804 864 eece
822 828 1002 881 propter
1026 818 1143 881 quod
1162 818 1393 876 rebellatis,
1414 819 1632 876 insanitis,

285 889 458 935 ardetis.

352 961 519 1006 XLIII.
549 960 749 1005 Gabinus
784 975 884 1005 vero
917 969 956 1004 et
982 959 1151 1015 caeteri,
1182 961 1258 1023 qui
1288 961 1405 1006 hanc
1432 960 1668 1005 Ecclesiam

288 1041 615 1090 cognoverunt,
647 1030 894 1089 elegerunt,
924 1039 1155 1074 tenuerunt
1177 1067 1186 1085 ,
1213 1047 1299 1075 non
1315 1031 1558 1076 humanum
1584 1032 1669 1090 fig-

287 1113 502 1158 mentum,
527 1101 599 1146 sed
624 1101 822 1146 divinum
849 1100 1109 1163 promissum
1146 1101 1409 1163 praedictum
1441 1112 1481 1146 et
1504 1101 1665 1164 imple-'

292 1185 386 1220 tum
407 1190 507 1219 cum
529 1171 732 1217 fidelibus
754 1171 916 1216 habere
931 1171 1170 1233 cupientes,
1189 1171 1365 1217 ulterius
1384 1190 1463 1235 pro
1476 1172 1670 1217 humano

290 1247 495 1306 figmento
514 1244 627 1307 ipsas
646 1243 858 1288 humanas
885 1242 1098 1286 molestias
1115 1243 1284 1305 perpeti
1303 1243 1549 1288 noluerunt.
1578 1242 1667 1299 Qui

291 1316 405 1361 enim
431 1331 513 1377 pro
537 1313 716 1360 veritate
748 1323 788 1357 et
825 1313 988 1357 unitate
1010 1312 1191 1367 (ltu-isti,
1236 1330 1323 1357 non
1348 1313 1447 1358 dico
1468 1330 1531 1358 res
1551 1330 1670 1367 suaS‚

291 1385 364 1432 sed
389 1387 515 1431 istam
535 1384 664 1429 etiam
685 1384 816 1428 vitam
856 1400 976 1427 suam
993 1419 1002 1435 ,
1032 1383 1122 1427 aliis
1148 1383 1355 1428 duntaxat
1382 1383 1674 1428 auferentibus

292 1467 420 1520 atque
441 1454 806 1502 interficientibus
823 1491 832 1507 ,
862 1453 1075 1508 amiserit,
1106 1471 1201 1498 vere
1236 1454 1366 1498 fidem
1388 1454 1522 1499 habet
1539 1491 1549 1509 ,
1577 1470 1674 1500 vere

292 1545 412 1591 spem
446 1527 598 1581 habet,
630 1542 725 1572 vere
753 1525 1008 1569 charitatem
1037 1524 1171 1569 habet
1189 1562 1199 1577 ,
1227 1542 1323 1570 vere
1361 1526 1501 1570 Deum
1522 1525 1669 1570 habet.

294 1597 503 1659 Quisquis
526 1607 667 1641 autem
688 1613 768 1658 pro
788 1605 908 1657 parte
933 1594 1083 1638 Donati
1110 1594 1174 1639 vel
1194 1595 1413 1640 fimbriam
1433 1594 1675 1640 vestimenti

295 1667 534 1732 perdiderit
550 1666 586 1723 1,
615 1683 788 1711 cornon
808 1665 954 1710 hahet.
984 1665 1101 1720 Quid
1124 1682 1221 1724 ergo
1238 1667 1414 1721 mirum,
1435 1665 1467 1710 si
1482 1665 1679 1710 homines

296 1738 531 1801 sapientes,
559 1753 659 1781 eum
685 1735 887 1780 viderunt
922 1745 1073 1779 contra
1101 1734 1331 1781 obduratae
1354 1734 1679 1781 consuetudinis

299 1807 689 1872 pertinacissimam
720 1814 975 1851 vetustatem
998 1805 1221 1867 proposita
1248 1806 1328 1851 sihi
1353 1823 1437 1851 esse
1456 1805 1614 1850 damna
1640 1815 1681 1850 et

301 1879 440 1935 exilia,
482 1877 861 1923 consideraverunt
899 1886 1045 1920 utrum
1076 1894 1156 1939 pro
1192 1887 1313 1939 parte
1341 1877 1502 1922 Donati
1529 1885 1681 1921 contra

303 1949 540 1995 Ecclesiam
577 1948 864 2002 catholicam,
895 1947 982 1991 hoc
1010 1957 1094 2001 est,
1138 1963 1218 2009 pro
1254 1948 1458 2006 figmento
1486 1947 1681 1991 humano

300 2031 451 2066 contra
469 2037 578 2083 opus
601 2019 800 2064 divinum
830 2017 1001 2081 perpeti
1029 2017 1109 2063 ista
1136 2017 1344 2063 deberent
1370 2036 1380 2062 z
1409 2028 1450 2063 et
1471 2034 1513 2062 se
1535 2016 1683 2079 utique

296 2107 386 2137 non
408 2090 564 2136 debere
585 2089 816 2143 viderunt3
839 2099 967 2151 atque
988 2087 1113 2134 istam
1129 2104 1262 2151 quam
1287 2089 1454 2135 voeatis
1472 2103 1683 2151 persecu-

302 2162 481 2216 tionem,
504 2170 800 2220 cognoverunt
822 2159 905 2204 sibi
928 2175 1014 2204 esse
1036 2159 1314 2204 correctionis
1332 2159 1619 2212 occasionem,
1643 2166 1685 2201 et

303 2229 499 2276 fecerunt
538 2229 658 2293 quod
681 2230 893 2293 scriptum
924 2239 984 2275 est
1007 2246 1017 2272 ι
1047 2249 1066 2269 c<
1094 2233 1161 2273 Da
1186 2229 1369 2291 sapienti
1394 2228 1681 2282 occasionem,

304 2322 326 2343 2>
349 2311 390 2346 et
413 2301 648 2364 sapientior
664 2301 769 2347 erit2
790 2304 808 2346 ‘P
827 2322 846 2341 υ
866 2298 994 2345 Vides
1011 2300 1157 2362 itaque
1179 2317 1310 2363 quam
1329 2301 1512 2346 inaniter
1532 2297 1687 2344 dixeris

301 2372 490 2428 homini,
513 2373 649 2435 quiex
673 2382 896 2436 praecepto
920 2371 1103 2434 piissimi
1123 2372 1403 2434 Imperatoris
1421 2372 1484 2417 sui
1502 2380 1686 2418 vestram

300 2442 613 2488 correctionem
637 2443 836 2506 requirit,
856 2440 975 2506 quod
993 2441 1126 2502 hujus
1147 2442 1425 2504 prudentiam
1445 2438 1681 2488 executoris

353 2526 363 2548 ¹
384 2525 464 2561 Psal.
488 2536 585 2568 r.x111,
608 2527 641 2562 6.
662 2545 707 2552 —-
726 2526 741 2550 2
756 2525 871 2559 Confer
888 2525 943 2561 lib,
964 2536 980 2556 2
1002 2530 1086 2560 cont,
1105 2524 1193 2573 Petit.
1210 2537 1234 2558 c.
1253 2528 1311 2568 98.
1327 2544 1370 2550 -—
1391 2524 1404 2550 3
1424 2529 1581 2564 Prov.1x‚
1602 2533 1636 2563 9.
