1763 2838
313 173 405 219 500
722 184 755 213 5.
801 183 1040 214 amussim
1080 184 1280 214 Eriscovi

311 252 449 297 facere
470 249 570 295 velit
591 287 600 305 ‚
621 249 697 312 qui
727 248 889 295 salvum
918 249 1018 294 ‘facit
1044 249 1259 312 populum
1292 267 1420 300 suum,
1451 268 1472 294 a
1498 248 1684 312 pcccatis

309 338 456 368 eorum
478 358 489 372 ,
510 319 817 365 contradicunt
842 320 1034 365 homines
1054 358 1064 374 ‚
1095 331 1135 364 et
1155 321 1275 383 quasi
1294 332 1534 366 creaturam
1552 358 1563 375 ‚
1584 338 1684 384 quae

309 392 520 457 perillum
541 390 715 436 condita
731 401 793 435 est
810 428 820 444 ,
840 390 990 435 melius
1008 390 1081 435 illo
1099 390 1309 452 inspicere
1330 391 1557 449 neverint,
1580 408 1685 437 voce

309 480 395 509 non
417 480 518 507 sana
541 478 664 506 sanos
684 478 768 506 esse
792 461 1092 524 pronuntiant.

374 531 533 578 XXIV.
567 552 586 571 «
617 530 837 576 Materiam
863 532 1032 594 peceati
1062 530 1169 576 dicit
1192 547 1277 575 esse
1300 530 1555 586 vindictam,
1573 530 1605 577 si
1630 529 1684 576 ad

308 603 393 648 hoc
420 613 622 665 peccator
654 601 897 646 infirmatus
934 612 1012 656 est,
1053 611 1100 646 ut
1131 600 1258 664 plura
1291 612 1502 663 peccaret.
1549 623 1568 643 ›>
1596 601 1684 646 Nec

307 673 467 732 cogitat
483 671 862 736 praevaricatorem
888 671 989 730 legis
1013 688 1145 734 quam
1169 671 1296 730 digne
1318 671 1389 716 lux
1417 671 1583 718 deserat
1606 687 1683 718 ve-

307 743 473 796 ritatis;
498 758 584 804 qua
601 741 792 787 desertus
818 742 968 803 utique
993 743 1042 786 fit
1063 758 1220 797 caeeus,
1245 751 1285 785 et
1318 740 1416 803 plus
1443 758 1608 786 necesse
1624 750 1686 785 est

307 811 513 868 offendat,
531 823 572 857 et
599 812 793 857 cadendo
819 822 1012 868 vexetur,
1045 823 1303 875 vexatusque
1329 828 1414 856 non
1438 821 1608 871 surgat,
1637 821 1685 856 ut

304 883 402 929 ideo
428 893 594 928 tantum
623 882 771 927 audiat
790 899 940 928 vocem
963 882 1083 941 legis,
1113 900 1199 945 quo
1221 881 1685 944 admoneaturimplo-

306 971 399 999 rare
428 953 610 1013 gratiam
651 951 898 998 Salvatoris.
949 953 1015 997 An
1050 952 1168 997 nulla
1191 969 1325 1015 poena
1353 962 1414 996 est
1437 968 1603 1007 eorum,
1632 950 1686 997 de

307 1024 468 1087 quibus
493 1023 601 1068 dicit
619 1022 851 1085 Apostolus
872 1040 881 1066 :
905 1044 923 1062 α
950 1022 1064 1078 Quia
1085 1040 1185 1068 euin
1210 1022 1506 1081 cognovissent
1524 1023 1681 1078 Deum,

304 1116 325 1137 »
346 1112 434 1140 non
452 1094 564 1139 sieut
587 1096 728 1139 Deum
758 1093 1109 1153 glorificaverunt
1134 1103 1206 1138 aut
1225 1093 1379 1153 gratias
1395 1102 1590 1151 egerunt,
1612 1091 1684 1136 sed

307 1186 327 1207 n
351 1166 677 1211 evanueruntin
706 1163 1042 1223 cogitationibus
1057 1163 1142 1208 suis
1174 1174 1215 1208 et
1240 1163 1520 1207 obscuratum
1543 1161 1686 1207 estin-

301 1256 323 1278 »
343 1235 499 1297 sipiens
511 1251 585 1279 cor
605 1250 754 1279 colum
773 1232 788 1261 4
804 1236 821 1278 Ρ
837 1256 855 1274 >J
878 1233 1038 1295 Utique
1061 1233 1139 1277 ista
1160 1231 1408 1277 obsculatio
1432 1231 1629 1278 vindicta
1644 1241 1685 1276 et

301 1320 436 1368 poena
457 1307 549 1362 jam
582 1303 691 1348 fuit.
719 1314 759 1347 et
785 1313 927 1348 tamen
950 1319 1028 1365 per
1056 1303 1170 1348 hane
1190 1319 1386 1365 poenam,
1417 1301 1462 1347 id
1498 1313 1575 1357 est,
1607 1319 1685 1379 per

304 1373 448 1420 cordis
483 1373 750 1427 caecititem‚
779 1388 878 1435 quae
907 1373 955 1417 ht
978 1372 1196 1417 deserente
1231 1373 1328 1417 luce
1363 1371 1605 1434 sapientiae,
1641 1371 1686 1417 in

300 1445 428 1508 plura
448 1454 489 1489 et
511 1444 655 1503 gravia
674 1454 854 1506 peccata
876 1442 1056 1505 collapsi
1082 1453 1196 1489 sunt.
1228 1464 1248 1484 «
1278 1442 1482 1488 Dicentes
1506 1442 1623 1488 enim
1643 1459 1684 1488 se

302 1538 323 1558 ›>
349 1532 434 1561 esse
455 1514 683 1577 sapientes,
707 1513 826 1559 stulti
842 1513 942 1559 faeti
964 1524 1079 1559 sunt
1106 1535 1124 1555 υ
1147 1515 1209 1559 01
1213 1531 1300 1559 wls
1320 1513 1418 1559 haec
1442 1530 1576 1576 poena
1596 1523 1679 1570 est,

298 1587 331 1632 si
353 1586 451 1650 quis
472 1585 697 1644 intelligat,
739 1595 780 1629 et
810 1601 854 1629 ex
876 1584 958 1629 hac
983 1602 1117 1647 poena
1135 1583 1233 1630 vide
1265 1601 1354 1648 quo
1393 1584 1564 1630 ierunt:
1584 1606 1604 1626 α
1627 1588 1684 1629 Et

304 1678 325 1699 »
349 1657 717 1711 immutaveiunt,
743 1654 909 1731 inquit,
938 1654 1117 1713 gloriim
1153 1653 1505 1717 inconuptibilis
1535 1653 1649 1699 Dei
1637 1670 1682 1700 m

309 1747 330 1767 ›>
352 1724 714 1770 similitudinem
704 1724 902 1783 imaginis
924 1724 1224 1787 eoriuptibilis
1248 1724 1463 1780 hominis,
1490 1734 1531 1770 et
1554 1724 1683 1771 volu-

303 1817 326 1838 »
348 1811 489 1850 erum,
514 1804 556 1839 et
591 1792 948 1856 quadrupedum,
971 1804 1012 1838 et
1037 1795 1314 1856 serpentium.
1340 1815 1359 1835 >2
1385 1796 1470 1839 Ista
1489 1794 1684 1840 fecerunt

308 1883 356 1911 ex
374 1863 544 1928 peceati
558 1880 710 1926 poena,
726 1879 811 1924 qua
828 1863 1110 1909 obscuratum
1127 1874 1187 1908 est
1199 1863 1406 1926 insipiens
1421 1881 1495 1909 eor
1512 1881 1675 1912 eorum.

301 1937 355 1981 Et
399 1944 579 1997 propter
605 1933 702 1978 haee
734 1942 894 1990 tamen,
921 1933 1023 1996 quia
1054 1933 1155 1978 lieet
1179 1933 1387 1996 poenalia,
1429 1934 1555 1978 etiam
1587 1934 1682 1997 ipsa

301 2015 480 2069 peccata
501 2013 600 2048 sunt
621 2002 836 2061 adjungit,
861 2013 898 2047 et
919 2002 1027 2047 dicit
1055 2020 1064 2047 ε
1089 2024 1107 2043 «
1131 2004 1368 2065 Propterea
1387 2002 1567 2048 tradidit
1586 2003 1682 2049 illos

299 2097 321 2119 >2
347 2077 463 2120 Deus
493 2074 538 2119 in
575 2072 784 2118 desideria
818 2072 960 2117 cordis
1000 2073 1174 2118 illorum
1203 2073 1248 2117 in
1287 2072 1626 2119 immunditiam.
1658 2094 1679 2115 »

298 2147 410 2191 Eece
433 2142 803 2208 quemadmodum
823 2145 937 2187 Deus
956 2144 1127 2203 gravius
1150 2142 1476 2198 condemnavit,
1508 2142 1680 2189 tradens

303 2216 399 2262 illos
419 2217 462 2261 in
484 2213 693 2260 desideria
716 2213 858 2258 cordis
882 2213 1058 2258 illorum
1095 2214 1139 2258 in
1166 2212 1504 2259 immunditiam.
1530 2212 1679 2259 Videte

300 2287 427 2331 etiam
447 2303 492 2330 ex
517 2285 602 2329 hae
621 2300 754 2346 poena
775 2299 875 2346 quae
895 2283 1069 2329 saciant.
1094 2305 1113 2324 «
1136 2283 1194 2327 Ut
1207 2282 1495 2337 contumeliis,
1516 2282 1674 2346 inquit,

304 2378 324 2397 »
345 2354 531 2400 afficiant
549 2370 731 2415 corpora
756 2353 894 2398 suain
921 2353 1169 2415 semetipsis.
1204 2374 1224 2394 ›>
1254 2354 1309 2397 Et
1336 2352 1437 2415 quia
1463 2368 1596 2414 poena
1617 2363 1679 2398 est

301 2427 379 2472 isla
404 2423 662 2486 iniquitatis,
691 2440 790 2468 eum
811 2423 865 2468 sit
888 2433 929 2469 et
951 2423 1175 2486 iniquitas,
1193 2422 1431 2470 evidentius
1455 2438 1676 2469 commen-

348 2512 469 2540 ¹li01u.
500 2518 526 2545 ι,
549 2517 603 2539 21.
