1763 2838
387 186 517 218 LIBER
550 186 607 218 DE
641 187 812 219 SPIRITU
847 188 900 219 ET
934 188 1134 220 LITTERA.
1377 179 1471 241 479

92 253 253 309 bimus,
277 269 378 300 cum
395 252 641 300 videbimus
666 255 774 300 faeie
812 254 865 303 ad
889 254 1044 300 faciem
1063 254 1096 302 1.
1118 255 1203 301 Sed
1220 255 1317 303 ideo
1340 259 1468 304 nobis

92 325 178 370 hoc
201 325 326 370 etiam
350 341 467 370 nunc
487 335 760 388 praeceptum
783 337 845 372 est
868 326 904 382 2,
930 336 978 371 ut
1003 325 1333 374 admoneremur
1362 329 1470 392 quid

91 394 176 440 fide
194 411 433 458 exposcere,
450 411 538 458 quo
551 413 671 458 spem
690 397 972 459 praemittere,
995 407 1035 441 et
1049 397 1349 444 obliviscendo
1370 417 1469 463 quae

91 476 204 511 retro
226 476 343 522 sunt,
369 466 414 511 in
441 483 542 529 quae
568 467 780 513 anteriora
814 485 891 512 nos
925 468 1150 514 extendere
1173 469 1408 515 debeamus
1430 471 1462 517 3.

94 537 157 582 Ac
176 553 254 599 per
270 537 372 593 hoc,
396 547 608 599 quantum
624 537 736 582 mihi
750 536 937 591 videtur,
959 537 1004 582 in
1020 555 1067 583 ea
1088 555 1187 601 quae
1204 540 1469 602 perficienda

92 616 153 651 est
186 607 355 665 justitia
379 607 567 652 multum
588 608 633 652 in
653 608 738 653 bac
764 609 853 653 vita
878 607 950 652 ille
983 607 1184 670 profecit,
1225 610 1301 672 qui
1338 627 1469 674 quam

89 675 214 735 longe
241 677 294 721 sit
315 695 337 722 a
357 677 623 740 perfectione
637 677 836 737 justitiae„
862 679 1132 740 proficiendo
1159 681 1378 739 cognovit.

155 747 287 793 LXV.
320 746 405 792 Sed
428 747 461 793 si
497 748 586 793 dici
611 758 753 811 potest
773 747 980 810 quaedam
997 750 1166 808 justitia
1197 750 1342 794 minor
1366 751 1471 795 huic

90 816 192 863 Vitae
209 828 475 881 competens,
495 836 582 882 qua
600 822 742 878 justus
764 835 809 863 ex
832 818 918 863 fide
939 819 1046 864 vivit
1070 818 1106 874 4,
1127 820 1328 882 quamvis
1352 838 1472 883 pere-

92 886 239 945 grinus
263 905 286 932 a
312 890 515 945 Domino,
537 899 578 934 et
599 889 695 934 ideo
720 906 799 951 per
824 888 953 933 fidem
981 889 1228 945 ambulans,
1268 891 1466 936 nondum

90 972 170 1020 per
192 957 378 1019 speciem
395 959 413 987 5
441 976 452 1003 :
491 976 579 1004 non
605 959 790 1004 absurde
811 958 975 1004 dicitur
997 959 1125 1004 etiam
1154 959 1206 1004 ad
1231 960 1355 1005 istam
1374 978 1472 1023 per-

91 1027 226 1072 tinere
259 1046 312 1073 ne
348 1042 513 1092 peccet.
548 1032 698 1093 Neque
727 1030 870 1085 enim,
918 1030 951 1074 si
984 1047 1071 1075 esse
1105 1030 1300 1076 nondum
1334 1042 1477 1094 potest

95 1106 213 1142 tanta
233 1097 407 1144 dilectio
430 1100 526 1156 Dei,
548 1112 711 1164 quanta
735 1100 798 1145 illi
818 1099 1053 1158 cognitioni
1079 1099 1218 1163 plenae
1243 1102 1474 1163 perfectae-

93 1183 179 1229 que
205 1167 405 1224 debetur,
427 1173 517 1229 jam
545 1171 689 1233 culpae
704 1169 1007 1232 deputandum
1030 1181 1105 1215 est.
1132 1170 1264 1215 Aliud
1285 1181 1346 1216 est
1359 1172 1474 1216 enim

95 1246 230 1282 totam
260 1239 458 1285 nondum
499 1242 666 1304 assequi
707 1240 985 1295 charitatem,
1026 1239 1143 1284 aliud
1167 1240 1330 1285 nullam
1356 1241 1477 1304 sequi

95 1308 398 1370 cupiditatem.
435 1312 733 1366 Quamobrem
757 1310 886 1355 debet
927 1309 1063 1354 homo
1084 1346 1093 1364 ‚
1131 1311 1332 1372 quamvis
1351 1310 1476 1369 longe

95 1379 238 1424 minus
264 1391 376 1425 amet
394 1382 552 1437 Deum,
577 1398 707 1445 quam
729 1398 826 1426 eum
849 1391 989 1443 potest
1010 1398 1151 1425 amare
1170 1392 1472 1443 conspectum,

95 1450 209 1495 nihil
240 1461 384 1496 tamen
422 1463 626 1515 appetere
668 1452 868 1497 illicitum
898 1469 907 1495 :
930 1452 1042 1496 sicut
1065 1451 1193 1495 etiam
1215 1451 1258 1495 in
1284 1451 1351 1496 his
1376 1468 1476 1513 quae

98 1519 298 1579 adjacent
321 1522 516 1568 sensibus
539 1524 751 1585 corporis,
794 1531 934 1583 potest
953 1520 1106 1565 oculus
1135 1520 1265 1564 nullis
1291 1521 1478 1565 tenebris

99 1590 319 1649 delectari,
344 1593 540 1656 quamvis
559 1610 647 1638 non
669 1593 804 1656 possit
818 1591 861 1636 in
884 1591 1197 1650 fulgentissima
1212 1590 1308 1636 luce
1327 1591 1471 1649 deligi.

99 1659 261 1707 Verum
287 1679 386 1708 ecce
409 1667 499 1723 jam
536 1663 661 1708 talem
687 1663 1003 1708 constituamus
1025 1662 1214 1706 animam
1239 1661 1477 1706 humanam

98 1730 144 1776 in
169 1731 254 1777 1100
269 1734 548 1796 corruptibili
562 1750 764 1796 corpore,
787 1749 886 1796 quae
907 1731 985 1777 etsi
1000 1729 1198 1776 nondum
1224 1730 1297 1776 illa
1322 1748 1477 1794 super-

100 1801 435 1848 eminentissima
455 1804 720 1867 perfectione
739 1803 965 1849 charitatis
979 1801 1059 1846 Dei
1077 1817 1224 1846 omnes
1235 1812 1377 1846 motus
1392 1812 1481 1846 ter—

100 1889 214 1918 renae
234 1872 429 1920 libidinis
456 1875 731 1921 absorbuerit
756 1885 883 1937 atque
912 1871 1228 1934 consumpserit
1250 1907 1260 1926 ‚
1289 1882 1479 1916 attamen

101 1942 147 1987 in
170 1943 250 1989 ista
285 1945 450 1991 minore
489 1946 656 2006 justitia
694 1945 745 1990 ad
783 1945 987 1989 illicitum
1020 1942 1186 2004 aliquid
1207 1942 1479 2003 operandum

103 2014 240 2059 eidem
261 2015 435 2061 libidini
474 2017 590 2061 nulla
622 2015 900 2060 inclinatione
923 2013 1161 2058 consentiat
1184 2032 1194 2056 ε
1222 2024 1268 2058 ut
1286 2013 1339 2058 ad
1360 2013 1479 2058 illam

104 2085 238 2130 vitam
268 2089 360 2145 jam
386 2086 671 2131 immortalem
704 2085 918 2148 pertineat
946 2101 956 2127 ε
986 2105 1005 2123 «
1040 2083 1204 2143 Diliges
1243 2084 1481 2129 Dominum

106 2157 285 2202 »Deum
309 2167 434 2202 tuum
453 2174 500 2202 ex
523 2168 612 2202 toto
631 2156 760 2202 corde
786 2167 878 2211 tu0‚
905 2165 946 2199 et
975 2170 1022 2199 ex
1046 2164 1135 2198 tota
1163 2155 1303 2199 anima
1321 2165 1412 2209 tua,
1440 2165 1482 2199 et

108 2246 129 2268 >)
146 2243 192 2272 ex
223 2237 312 2272 tota
335 2229 496 2274 virtute
521 2238 594 2272 tua
619 2227 636 2257 θ
660 2248 670 2280 3
699 2249 718 2268 »
734 2226 788 2271 ad
818 2226 935 2271 hanc
969 2234 1110 2269 autem
1134 2242 1143 2269 ε
1169 2246 1187 2265 <‹
1217 2225 1316 2270 Non
1339 2235 1485 2284 regnet

108 2317 129 2337 >2
146 2298 434 2359 peccatumin
445 2309 585 2344 vestro
608 2297 781 2342 mortali
809 2311 991 2358 corpore
1015 2294 1069 2339 ad
1098 2294 1391 2341 obediendum
1415 2294 1485 2340 de-

112 2387 130 2407 o
149 2367 311 2413 sideriis
322 2372 412 2428 ejus
428 2368 445 2396 7
463 2385 473 2413 ι
494 2390 515 2410 »
542 2367 596 2413 ad
619 2367 739 2413 illam
762 2385 773 2412 ε
795 2387 814 2408 «
838 2368 936 2412 Non
957 2365 1266 2428 concupisces8
1285 2385 1297 2419 ;
1317 2387 1337 2407 ›>
1357 2365 1412 2411 ad
1428 2365 1482 2410 is-

156 2450 168 2472 ¹
194 2461 206 2480 1
226 2453 299 2482 Cor.
318 2462 393 2494 Xill,
414 2463 465 2483 12.
482 2469 524 2475 —
537 2449 553 2472 2
567 2451 650 2483 vide
671 2451 726 2483 lib.
741 2450 781 2482 de
801 2449 996 2493 perfectione
1014 2450 1088 2491 just.
1105 2459 1132 2480 0.
1151 2450 1181 2482 8.
1199 2466 1245 2472 -
1261 2447 1275 2472 3
1293 2449 1412 2493 Philip.
1431 2460 1480 2488 ιιι,

112 2506 165 2536 13.
178 2503 249 2529 -4
262 2509 357 2538 Rom.
375 2518 534 2549 1‚17.—
547 2503 561 2530 ⁵
581 2517 598 2539 2
613 2508 686 2540 Cor.
702 2517 733 2550 v,
758 2518 789 2548 7.
810 2523 854 2531 —
870 2502 885 2530 6
901 2508 996 2541 Deut.
1010 2504 1098 2545 V1‚5.
1111 2502 1181 2529 —7
1201 2508 1352 2550 Rom.v1‚
1376 2516 1479 2541 12.-

108 2557 124 2585 8
138 2561 241 2598 Exod.
256 2572 311 2604 xx,
329 2572 382 2604 17.
